2475 3617
415 179 493 244 52
730 164 914 246 szty
962 163 1213 228 Stories
1237 165 1427 246 from
1473 162 1694 226 Aulus
1744 162 1998 226 Gellius

1043 445 1167 502 37.
1221 449 1313 513 (N.
1348 450 1410 497 A.
1445 449 1540 498 XI.
1576 448 1676 512 1x.)

413 617 639 666 Historia
684 617 748 665 de
792 615 970 679 legatis
1010 615 1201 664 Milesis
1241 631 1299 665 ac
1343 615 1685 665 Demosthene
1721 615 1919 665 rhetore
1955 616 2008 664 in
2041 614 2180 665 libris
2216 617 2333 666 Cri·

492 699 612 749 tolai
646 705 856 763 reperta.

491 841 782 900 Critolaus
832 841 1081 916 scripsit,
1131 842 1356 916 legatos
1408 842 1618 899 Mileto
1674 841 1947 916 publicae
2004 841 2087 900 rei
2142 859 2340 926 causa

314 963 335 1011 5
405 939 635 997 venisse
705 938 967 997 Athenas
1031 939 1308 1017 (fortasse
1377 956 1454 996 an
1523 938 1738 997 dixerit
1806 938 2003 997 auxilii
2073 939 2335 1014 petendi

412 1035 655 1113 gratia).
738 1038 893 1094 Tum
937 1036 1034 1112 qui
1083 1054 1192 1111 pro
1236 1054 1367 1095 sese
1410 1037 1590 1095 verba
1636 1036 1897 1094 facerent
1938 1055 2089 1112 quos
2128 1037 2336 1095 visum

413 1144 538 1192 erat
585 1134 980 1205 advocavisse,
1030 1133 1371 1205 advocatOS,
1422 1134 1506 1191 uti
1557 1143 1681 1192 erat
1732 1133 2094 1207 mandatum,
2138 1135 2339 1194 verba

414 1250 523 1307 pro
566 1232 812 1289 Milesiis
853 1231 931 1289 ad
973 1231 1260 1306 populum
1303 1230 1530 1303 fecisse,
1567 1231 2015 1290 Demosthenen
2057 1231 2335 1291 Milesio-

415 1348 543 1388 rum
578 1329 882 1405 postulatis
916 1330 1128 1387 acriter
1155 1329 1547 1403 respondisse,
1576 1347 1770 1403 neque
1807 1329 2071 1387 Milesios
2103 1330 2337 1389 auxilio

318 1455 370 1486 ιο
413 1427 623 1502 dignos
660 1445 854 1502 neque
894 1444 967 1484 ex
1006 1426 1309 1501 republica
1345 1425 1408 1483 id
1451 1444 1581 1485 esse
1623 1426 2038 1485 contendisse:
2089 1445 2218 1484 rem
2267 1429 2337 1486 in

415 1535 716 1601 posterum
772 1523 934 1582 diem
996 1524 1303 1599 prolatam.
1414 1524 1667 1599 stgatos
1731 1523 1808 1581 ad
1872 1524 2335 1584 Demosthenen

413 1623 643 1682 venisse
691 1640 1024 1697 magnoque
1070 1639 1251 1696 opere
1299 1639 1512 1693 orasse,
1552 1622 1637 1679 uti
1680 1631 1886 1679 contra
1929 1640 2004 1680 ne
2051 1622 2334 1696 diceret;

418 1739 552 1779 eum
593 1720 903 1796 pecuniam
943 1720 1218 1794 petivisse
1257 1729 1316 1776 et
1350 1729 1629 1794 quantam
1669 1719 1956 1794 petiverat
1994 1718 2333 1779 abstulisse.

419 1817 727 1891 Postridie,
756 1836 893 1876 cum
929 1836 1022 1876 res
1051 1818 1144 1892 agi
1175 1816 1374 1875 denuo
1403 1826 1618 1891 coepta
1647 1826 1820 1887 esset,
1852 1816 2333 1891 Demosthenen,

319 1945 368 1992 15
413 1917 546 1974 lana
583 1917 766 1974 multa
804 1916 1020 1974 collum
1060 1916 1439 1990 cervicesque
1476 1915 1983 1987 circumvolutum,
2013 1913 2091 1972 ad
2129 1932 2332 1991 popu-

418 2015 539 2072 lum
587 2013 858 2088 prodisse
908 2023 968 2070 et
1016 2012 1253 2084 dixisse,
1303 2031 1367 2070 se
1415 2012 1752 2087 synanchen
1803 2012 1946 2086 pati,
1992 2030 2066 2071 eo
2115 2023 2336 2072 contra

419 2112 683 2170 Milesios
728 2112 888 2186 loqui
935 2129 1053 2168 non
1096 2111 1281 2184 quire.
1363 2111 1518 2168 Tum
1561 2128 1593 2168 e
1636 2110 1860 2184 populo
1903 2128 2086 2168 unum
2129 2111 2334 2168 excla-

421 2228 628 2281 masse,
678 2228 799 2268 non
846 2213 861 2240 ‘
882 2208 1260 2284 synanchen,’
1306 2206 1469 2282 quod
1520 2207 1954 2265 Demosthenes
2004 2217 2333 2282 pateretur,

419 2307 526 2366 sed
568 2307 968 2383 argyranchen
1010 2324 1157 2364 esse.

509 2494 550 2525 2.
582 2480 800 2525 Milesis:
849 2478 929 2522 ‘ot'
964 2478 1184 2531 Miletus‚⁰
1228 2490 1323 2521 one

421 2554 478 2600 of
509 2555 588 2598 the
633 2567 688 2599 12
732 2553 901 2598 Ionian
944 2552 1076 2597 cities
1118 2552 1172 2596 of
1205 2551 1325 2595 Asia

424 2629 599 2682 Minor,
635 2629 837 2673 situated
872 2634 919 2672 at
954 2628 1034 2672 the
1068 2627 1232 2671 mouth
1276 2625 1328 2670 of

422 2705 502 2749 the
526 2704 807 2749 Maeander.

508 2793 551 2835 4.
590 2779 865 2823 Critolaus:
914 2776 968 2822 of
1013 2776 1224 2822 Phaselis
1275 2776 1323 2820 in

425 2855 586 2912 Lycia,
612 2866 705 2897 one
727 2852 782 2896 οἱ
796 2852 874 2897 the
895 2852 1082 2896 famous
1103 2852 1325 2907 embassy

424 2929 479 2975 of
528 2928 660 2973 three
717 2927 1065 2985 philosophers,
1115 2931 1219 2970 sent
1276 2932 1325 2968 to

427 3006 583 3050 Rome
614 3004 662 3048 in
698 3013 780 3059 155
814 3010 906 3047 B.C.

511 3080 555 3125 6.
590 3078 684 3136 Qui
731 3110 742 3122 .
789 3110 801 3121 .
847 3108 859 3120 .
898 3076 1117 3132 facerent
1135 3087 1152 3120 .·
1213 3074 1326 3117 final

427 3155 587 3198 clause
610 3166 621 3208 ;
653 3153 731 3195 the
754 3149 1037 3194 antecedent
1058 3149 1111 3192 of
1126 3149 1209 3204 qui
1228 3148 1327 3191 and

428 3228 483 3271 of
496 3240 606 3284 quos
626 3227 665 3270 is
688 3226 944 3269 advocatos.

493 3313 557 3344 10.
588 3300 675 3343 Ex
705 3298 972 3354 republe'ca:
1016 3298 1026 3316 ‘
1047 3294 1121 3339 for
1149 3296 1228 3339 the
1263 3295 1330 3338 in-

430 3380 573 3418 terest
593 3371 647 3417 oi
671 3372 750 3415 the
771 3370 918 3415 state.’

1486 2490 1551 2522 11.
1583 2478 1856 2525 Prolatam:
1890 2480 1900 2499 ⁴
1920 2477 2017 2522 laid
2048 2478 2193 2532 over,’
2220 2481 2231 2498 ⁸
2249 2479 2338 2523 ad-

1421 2552 1655 2610 Journed.'

1487 2639 1553 2683 14.
1586 2628 1784 2672 Denuo:
1818 2628 1828 2646 ⁸
1845 2626 2007 2680 anew‚⁰
2030 2629 2040 2648 ⁴
2056 2627 2233 2684 again!

1487 2712 1554 2758 15.
1585 2701 1752 2747 Lana:
1787 2701 1963 2746 ‘wool.'

1487 2787 1554 2833 15.
1593 2776 1772 2820 Collum
1804 2776 2095 2833 cervicesque
2113 2791 2133 2818 .·
2174 2778 2186 2797 ⁴
2207 2776 2339 2821 neck

1426 2852 1523 2895 and
1544 2850 1728 2895 throat.'

1488 2927 1555 2971 18.
1586 2926 1856 2982 Synancken
1880 2937 1897 2970 .·
1950 2927 1960 2944 ⁸
1985 2923 2188 2982 quinsy,'
2232 2928 2244 2946 ‘
2270 2925 2341 2970 in·

1427 2999 1725 3044 flammation
1748 2999 1801 3043 of
1825 2999 1905 3043 the
1926 2999 2112 3045 throat.'

1489 3087 1556 3130 19.
1585 3075 1926 3131 Argyranclzen
1941 3087 1958 3120 .·
1993 3076 2003 3094 ·
2022 3074 2163 3118 silver
2195 3074 2339 3131 quin-

1428 3149 1506 3206 sy‚'
1567 3162 1597 3192 a
1658 3149 1814 3192 comio
1876 3148 2136 3193 formation
2208 3148 2337 3193 from

1430 3222 1630 3272 ἄργυρον»
1690 3221 1807 3266 after
1866 3222 1946 3267 the
2020 3223 2229 3281 analogy
2291 3223 2348 3269 of

1429 3297 1668 3352 synanche.
1747 3297 1976 3341 Erasmus
2016 3299 2272 3345 translates
2304 3299 2339 3344 it

1432 3370 1790 3428 argentangina.
