2475 3617
315 138 404 202 40
632 120 818 203 Fifzjy
869 121 1118 184 Stories
1141 120 1332 202 from
1378 119 1600 182 Aulus
1652 117 1908 182 Gellius

397 317 708 377 Cornelius
757 326 955 375 autem
1006 317 1213 391 Nepos
1262 316 1324 374 in
1372 316 1520 375 libro
1566 316 1973 391 exemplorum
2018 316 2229 392 quinto

317 414 379 473 id
424 432 664 491 quoque
709 414 914 473 litteris
962 414 1282 485 mandavit,
1327 413 1525 472 multis
1566 414 1625 471 in
1668 425 1873 472 senatu
1916 415 2227 490 placuisse,

316 524 380 570 ut
422 513 501 585 hi,
544 513 647 588 qui
689 512 881 572 redire
924 513 1168 584 nollent,
1211 512 1364 570 datis
1406 511 1750 571 custodibus
1792 512 1872 571 ad
1916 512 2227 571 Hanniba-

317 609 436 669 lem
476 609 933 682 deducerentur,
963 608 1072 668 sed
1111 628 1245 668 eam
1278 609 1632 668 sententiam
1670 628 1917 668 numero
1951 610 2227 686 plurium,

218 733 238 781 5
311 708 523 783 quibus
562 706 625 766 id
664 725 784 766 non
821 706 1137 779 videretur,
1173 717 1548 782 superatam;
1606 725 1710 765 eos
1750 716 1968 779 tamen,
2004 709 2108 783 qui
2148 708 2228 766 ad

320 805 724 864 Hannibalem
760 824 879 864 non
913 804 1219 877 redissent,
1254 823 1442 879 usque
1483 803 1638 863 adeo
1678 804 2039 864 intestabiles
2080 806 2228 863 invi-

316 921 531 978 sosque
576 903 770 975 fuisse‚
813 913 877 962 ut
919 902 1183 962 taedium
1223 902 1378 960 vitae
1422 901 1688 977 ceperint
1734 919 2065 977 necemque
2117 902 2231 962 sibi

317 1001 730 1060 consciverint.

935 1309 1059 1366 28.
1113 1311 1205 1376 (Ν.
1241 1314 1305 1362 Α.
1337 1312 1460 1363 VII.
1494 1311 1602 1378 111.)

221 1498 276 1530 10
315 1476 542 1525 Historia
606 1482 804 1540 sumpta
862 1492 922 1524 ex
977 1475 1115 1525 libris
1169 1475 1453 1525 Tuberonis
1516 1476 1581 1525 de
1644 1482 1877 1541 serpente
1941 1475 2226 1526 invisitatae

396 1558 737 1622 longitudinis.

398 1710 637 1768 Tubero
702 1709 764 1767 in
828 1710 1082 1769 historiis
1150 1709 1433 1785 scriptum
1501 1709 1752 1784 reliquit,
1809 1709 1965 1768 bello
2031 1710 2228 1785 primo

320 1807 579 1866 Poenico
634 1807 875 1865 Atilium
933 1808 1228 1882 Regulum
1284 1807 1586 1866 consulem
1643 1807 1702 1864 in
1758 1807 1972 1878 Africa,
2023 1809 2229 1867 castris

320 1905 480 1980 apud
531 1903 861 1980 Bagradam
914 1905 1135 1963 flumen
1178 1905 1404 1981 positiS‚
1447 1904 1737 1979 proelium
1780 1903 2003 1979 grande
2046 1915 2230 1980 atque

222 2030 271 2077 15
317 2021 452 2061 acre
492 2003 699 2061 fecisse
744 2002 1021 2061 adversus
1063 2021 1246 2060 unum
1289 2012 1624 2077 serpentem
1667 2002 1728 2059 in
1770 2002 1880 2060 illis
1920 2002 2067 2060 locis
2110 2012 2228 2060 sta-

321 2101 622 2160 bulantem
678 2099 1004 2159 invisitatae
1054 2100 1428 2171 inmanitatiS‚
1478 2117 1736 2175 eumque
1786 2117 2001 2175 magna
2047 2100 2231 2158 totius

321 2199 609 2257 exercitus
643 2198 1020 2257 conflictione
1058 2197 1281 2256 balistis
1316 2208 1494 2273 atque
1528 2197 1837 2272 catapultis
1866 2197 1967 2255 diu
1996 2215 2229 2273 oppug-

319 2307 542 2368 natum,
587 2297 827 2371 eiusque
869 2295 1160 2354 interfecti
1202 2296 1429 2354 corium
1469 2296 1711 2372 longum
1753 2295 1941 2371 pedes
1982 2306 2231 2355 centum

321 2404 382 2453 et
407 2394 609 2470 viginti
655 2396 909 2453 Romam
952 2393 1195 2452 misisse.

413 2575 450 2608 1.
484 2562 818 2619 Exemplorum
837 2576 854 2608 .·
889 2562 1219 2621 biographical
1323 2563 1456 2617 ber0,
1474 2577 1503 2607 a
1523 2565 1712 2609 Roman
1730 2566 1944 2620 annalist,
1962 2578 1992 2610 a
2010 2579 2235 2624 younger

321 2637 503 2682 studies
534 2636 582 2680 in
613 2636 692 2680 the
725 2635 844 2681 form
879 2637 933 2682 of
970 2640 993 2658 “
1011 2646 1221 2695 patterns
1326 2644 1691 2697 contemporary
1711 2639 1766 2683 of
1789 2640 1945 2699 Julius
1966 2640 2163 2687 Caesar.

322 2712 393 2756 for
413 2711 659 2765 imitation,
690 2710 742 2756 of
777 2712 857 2756 the
897 2715 1141 2758 character
1176 2713 1228 2757 of
1388 2728 1454 2772 13.
1485 2715 1717 2772 Regulum
1736 2728 1753 2761 .·
1786 2716 1954 2760 consul
1976 2716 2072 2759 and
2094 2730 2235 2762 com-

323 2800 413 2833 our
442 2787 645 2830 modern
667 2786 972 2845 ‘Self-Help‚’
996 2788 1223 2833 intended
1327 2790 1530 2833 mandet
1560 2789 1614 2834 of
1647 2791 1726 2834 the
1760 2791 1987 2844 Romans,
2016 2790 2126 2835 who
2159 2791 2237 2836 in-

321 2868 370 2906 to
424 2874 560 2905 wean
615 2861 831 2918 youtbful
889 2862 1046 2906 minds
1099 2862 1222 2907 from
1325 2864 1483 2907 vaded
1514 2863 1675 2908 Africa
1707 2866 1792 2922 256
1813 2873 1919 2918 B.C.‚
1941 2865 2116 2921 during
2147 2866 2236 2911 the

322 2937 403 2981 the
463 2942 655 2993 corrupt
714 2936 928 2982 fashions
991 2936 1045 2981 of
1102 2937 1224 2982 their
1328 2938 1446 2983 First
1471 2938 1617 2984 Punic
1641 2939 1774 2985 War.

323 3010 479 3057 time.”
1388 3025 1455 3070 15.
1487 3014 1804 3058 Stabulantem
1822 3027 1839 3061 .·
1900 3017 1911 3035 ⁴
1933 3014 2111 3072 having
2172 3016 2238 3061 its

410 3086 452 3129 6.
484 3085 799 3131 Intestabiles:
835 3087 845 3105 ⁸
860 3084 1125 3131 infamem!
1328 3087 1450 3132 den.'

388 3171 453 3203 10.
497 3160 745 3203 Tuberonis·
759 3172 776 3203 .·
821 3158 880 3216 Q.
921 3158 1086 3203 Aelius
1127 3159 1225 3204 Tu·
1389 3163 1456 3207 18.
1494 3163 1714 3209 Corium:
1748 3163 1908 3218 ‘skin,'
1932 3164 2097 3210 ‘hide'
