2475 3617
507 177 588 244 50
815 164 999 245 Fg'fzjy
1048 163 1300 228 Stories
1325 164 1512 245 from
1560 162 1781 225 Aulus
1831 160 2087 225 Gellius

1619 291 1694 300 -φ

502 358 558 416 ei
613 358 762 417 aeris
809 359 998 434 gravis
1047 359 1252 434 viginti
1300 358 1561 433 quinque
1613 357 1789 415 milia.
1881 357 1955 415 Id
2005 347 2230 416 facturn
2282 374 2396 415 esse

505 456 651 515 dicit
689 457 905 532 Capito
942 457 1147 515 Ateius
1189 458 1251 514 in
1290 456 1719 514 commentario
1762 453 1837 513 de
1881 454 2112 513 iudiciis
2155 454 2398 529 publicis

503 555 660 613 bello
712 555 971 613 Poenico
1021 554 1230 629 prime,
1277 554 1466 613 Fabio
1515 553 1723 611 Licino
1774 562 1834 611 et
1883 552 2139 612 Otacilio
2191 552 2397 611 Crasso
2451 561 2452 586 ³

502 652 857 712 consulibus

405 876 426 924 5
692 871 700 877 ’
1101 868 1226 924 35.
1282 869 1372 933 (Ν.
1408 872 1469 920 A.
1506 870 1571 919 X.
1606 869 1799 933 xxvu.)

504 1016 733 1065 Historia
777 1017 840 1065 de
886 1015 1076 1080 populo
1123 1016 1356 1064 Romano
1402 1017 1565 1080 deque
1611 1014 1799 1079 populo
1845 1015 2081 1074 Poenico,
2116 1016 2254 1079 quod
2299 1014 2400 1080 pari
2450 1075 2453 1098 .

585 1100 949 1163 propemodum
972 1098 1141 1161 vigore
1165 1099 1348 1147 fuerint
1372 1098 1571 1147 aemuli.

589 1234 660 1290 In
688 1233 892 1291 litteris
920 1233 1215 1292 veteribus
1246 1233 1531 1291 memoria
1559 1241 1737 1305 extat,
1768 1231 1932 1307 quod
1962 1250 2070 1307 par
2101 1232 2401 1308 quondam

506 1330 614 1387 fuit
640 1331 808 1406 vigor
838 1340 899 1388 et
926 1330 1198 1388 acritudo
1226 1330 1676 1405 amplitudoque
1706 1329 1913 1405 populi
1943 1330 2200 1388 Romani
2231 1341 2399 1404 atque

410 1454 463 1485 10
506 1428 708 1486 Poeni.
794 1429 1008 1502 Neque
1039 1427 1315 1485 inmerito
1345 1428 1736 1485 aestimatum.
1821 1428 1976 1486 Cum
2005 1427 2131 1485 aliis
2164 1428 2401 1502 quidem

508 1525 740 1600 populis
783 1526 858 1584 de
901 1526 1357 1600 uniuscuiusque
1402 1525 1722 1600 republica,
1766 1544 1904 1582 cum
1947 1525 2160 1582 Poenis
2210 1535 2400 1583 autem

506 1623 583 1681 de
613 1623 877 1680 omniurn
908 1633 1188 1681 terrarum
1219 1624 1468 1698 imperio
1500 1623 1885 1681 decertatum.

589 1721 731 1778 Eius
772 1722 856 1778 rei
898 1722 1200 1796 specimen
1245 1732 1333 1779 est
1375 1721 1436 1778 in
1478 1721 1577 1778 illo
1619 1721 1918 1795 utriusque
1967 1721 2173 1795 populi
2228 1721 2402 1779 verbo

509 1818 818 1892 factoque:
893 1819 969 1893 Q.
1028 1820 1263 1890 Fabius,
1322 1820 1643 1893 imperator
1711 1819 2034 1889 Romanus,
2093 1818 2265 1876 dedit
2330 1816 2404 1874 ad

410 1942 458 1989 15
505 1915 1020 1991 Carthaginienses
1063 1916 1392 1991 epistulam.
1487 1915 1579 1973 Ibi
1621 1916 1905 1991 scripturn
1951 1915 2077 1987 fuit,
2122 1916 2403 1991 populum

509 2014 846 2071 Romanurn
902 2014 1126 2071 misisse
1177 2012 1255 2070 ad
1305 2032 1408 2071 eos
1457 2012 1685 2070 hastam
1736 2023 1795 2070 et
1845 2012 2196 2085 caduceum,
2246 2013 2407 2088 signa

508 2111 629 2169 duo
685 2111 823 2169 belli
872 2121 970 2168 aut
1020 2112 1200 2186 pacis,
1256 2129 1327 2169 ex
1376 2112 1506 2185 quis
1562 2121 1758 2168 utrum
1813 2111 2030 2168 vellent
2087 2111 2404 2186 eligerent,

507 2209 670 2283 quod
712 2209 1040 2283 elegissent,
1084 2208 1146 2266 id
1187 2227 1370 2265 unum
1413 2218 1477 2266 ut
1519 2227 1647 2266 esse
1704 2208 1944 2265 missum
1989 2208 2405 2271 existimarent.

507 2306 1021 2381 Carthaginienses
1063 2306 1513 2380 responderunt,
1544 2315 1815 2363 neutrum
1858 2324 1986 2363 sese
2030 2306 2265 2381 eligere,
2301 2304 2406 2363 sed

407 2433 462 2463 20
503 2423 697 2479 posse,
742 2404 842 2479 qui
885 2403 1250 2475 adtulissent,
1294 2413 1487 2461 utrum
1532 2404 1772 2461 mallent
1820 2403 2191 2478 relinquere,
2247 2401 2407 2478 quod

508 2502 899 2577 reliquissent,
930 2500 991 2558 id
1024 2501 1131 2559 sibi
1162 2519 1271 2575 pro
1301 2501 1493 2558 electo
1525 2501 1796 2559 futurum.

588 2601 673 2658 M.
733 2609 931 2657 autem
987 2599 1175 2656 Varro
1232 2616 1354 2656 non
1410 2598 1636 2656 hastam
1693 2599 1883 2673 ipsam
1952 2616 2148 2673 neque
2218 2598 2406 2673 ipsum

507 2697 837 2756 caduceum
888 2696 1062 2753 missa
1111 2695 1275 2768 dicit,
1326 2695 1434 2753 sed
1487 2696 1633 2754 duas
1680 2695 2007 2767 tesserulas,
2053 2695 2116 2753 in
2163 2712 2405 2771 quarum

599 2882 635 2914 1.
666 2869 811 2913 Aeris
851 2903 862 2915 .
904 2902 916 2914 .
959 2901 970 2915 .
1012 2868 1187 2914 milla:
1250 2879 1412 2925 25,000
1510 2874 1690 2925 ponent
1720 2867 1773 2912 of
1809 2866 2074 2921 Hannibal,
2106 2867 2260 2911 called
2287 2865 2407 2909 from

508 2944 641 2988 libral
664 2956 820 3000 asses;
852 2944 923 2988 i.e.
938 2943 1130 2999 pounds
1147 2941 1200 2986 of
1214 2955 1410 2999 copper.
1513 2942 1586 2986 his
1608 2942 1824 2986 cautious
1844 2941 2009 2985 tactics
2031 2941 2310 2986 Cunctator.

595 3021 636 3063 8.
667 3017 892 3062 Litteris:
916 3019 926 3036 ‘
944 3017 1412 3062 literature'or‘his-
1573 3018 1640 3062 16.
1678 3018 1937 3061 Caduceum
1960 3028 1978 3063 .·
2064 3018 2076 3037 ⁸
2098 3029 2131 3060 a
2208 3013 2408 3060 herald's

507 3092 638 3148 tory.'
1511 3091 1645 3146 staff,'
1686 3105 1716 3135 a
1745 3091 1931 3148 symbol
1963 3090 2017 3135 of
2051 3104 2218 3149 peace,
2248 3103 2298 3135 as
2327 3089 2407 3132 the

595 3178 638 3221 9.
683 3164 827 3220 Vegor
863 3167 910 3207 et
942 3163 1158 3207 acritudo
1192 3164 1411 3221 amplitu-
1512 3177 1652 3223 spear
1671 3179 1766 3209 was
1787 3166 1842 3209 of
1864 3179 1974 3211 war.

511 3238 691 3294 doque:
730 3234 1025 3294 ‘aggressive
1061 3240 1272 3294 strength
1313 3240 1411 3283 and
1569 3254 1638 3285 22.
1669 3242 1741 3285 M.
1772 3273 1784 3286 .
1816 3273 1828 3286 .
1861 3274 1872 3286 .
1917 3241 2067 3285 Varro
2086 3256 2104 3285 .·
2122 3240 2205 3285 the
2221 3238 2412 3284 learned
2443 3219 2453 3252 ⁴

511 3311 781 3368 greatness!
1512 3321 1875 3371 contemporary
1898 3314 1951 3359 of
1977 3315 2167 3361 Cicero.

576 3396 642 3439 14.
679 3384 733 3439 Q.
762 3384 935 3427 Fabius
949 3395 966 3429 .·
999 3382 1080 3426 the
1110 3382 1299 3428 famous
1329 3399 1412 3442 op-
1570 3401 1640 3444 23.
1676 3389 1936 3433 Tesserulas
1951 3405 1970 3433 .·
1998 3392 2008 3410 ·
2025 3390 2142 3434 little
2166 3387 2359 3433 tablets.'

2445 3463 2453 3492 ⁴
