2475 3617
426 175 611 261 Fifty
660 178 910 242 Stories
935 180 1123 262 from
1170 178 1390 241 Aulus
1441 178 1696 242 Gellius
1935 194 2016 261 57

36 435 37 438 ,
122 376 307 447 exivit,
338 375 759 451 obiectumque
799 375 854 433 ei
889 385 995 447 est,
1026 375 1189 451 quod
1227 375 1541 451 pecuniam
1572 373 1784 434 domus
1815 394 2014 434 emen-

35 481 39 493 *
121 473 228 531 dae
268 492 446 531 causa
486 492 522 530 a
563 491 666 531 reo
710 474 1055 548 accepisset.
1137 474 1294 530 Tum
1323 473 1537 531 Cicero
1572 472 1876 548 inopinata
1908 475 2014 532 ob-

33 699 43 1070 ι

31 1893 39 2022 Ι

32 2291 37 2408 V

32 2689 35 2810 Ι

32 2927 35 3040 h

32 3091 35 3178 ι

32 3269 35 3346 ἱ

118 570 489 646 probratione
545 581 850 646 permotus
900 570 1201 646 accepisse
1253 589 1316 628 se
1365 571 1600 646 negavit
1648 589 1720 628 ac
1768 570 2015 629 domum

117 686 346 744 quoque
378 686 441 726 se
471 679 807 744 empturum
836 668 1070 744 negavit
1099 678 1277 743 atque
1301 667 1504 726 ‘Adeo
1527 669 1540 694 '
1563 668 1753 743 inquit
1781 672 2013 726 ‘verum

116 766 205 838 sit,
238 766 667 841 accepisse.me
703 767 1036 841 pecuniam,
1067 766 1114 823 si
1143 765 1388 824 domum
1425 768 1663 823 emer0.’
1735 765 1850 824 Sed
1880 784 2016 823 cum
2089 793 2109 838 5

114 872 315 938 postea
350 864 589 922 emisset
624 874 683 922 et
718 864 832 922 hoc
869 863 1246 922 mendacium
1281 863 1342 920 in
1376 873 1582 921 senatu
1618 863 1672 921 ei
1706 865 1781 922 ab
1810 862 2012 921 amicis

114 960 455 1031 obiceretur,
481 961 605 1019 risit
627 962 764 1020 satis
786 971 964 1036 atque
987 962 1140 1019 inter
1161 960 1473 1019 ridendum
1500 983 1511 1018 :
1545 964 1560 991 ‘
1579 958 1641 1018 Ἀ
1652 959 1986 1038 κοινονόητοι
2001 963 2013 987 ’

111 1058 297 1133 inquit
338 1058 638 1117 ‘homines
680 1059 837 1130 estis,
881 1077 1018 1117 cum
1061 1058 1358 1134 ignoratis,
1403 1058 1710 1132 prudentis
1752 1067 1813 1116 et
1855 1059 2011 1116 cauti

109 1156 538 1231 patrisfamilias
593 1175 741 1228 esse,
797 1154 961 1231 quod
1018 1174 1215 1214 emere
1271 1156 1431 1227 velit,
1488 1165 1825 1231 empturum
1881 1174 2010 1213 sese

105 1271 322 1328 negare
363 1263 608 1329 propter
649 1253 1072 1328 competitores
1114 1253 1470 1328 emptionis.’
2061 1279 2114 1310 ιο

666 1542 792 1599 42.
849 1544 939 1609 (N.
978 1546 1037 1594 A.
1075 1545 1227 1593 XIII.
1264 1543 1438 1609 xxw.)

99 1709 270 1758 Verba
310 1710 381 1757 M.
424 1709 645 1767 CatoniS,
678 1723 825 1771 egere
867 1723 920 1757 se
961 1708 1128 1757 multis
1170 1708 1318 1756 rebus
1359 1714 1408 1756 et
1449 1707 1574 1757 nihil
1615 1715 1784 1757 tamen
1825 1725 2008 1774 cupere

183 1791 411 1840 dicentis.

183 1927 271 1984 M.
301 1926 474 1997 Cat0,
505 1925 823 1984 consularis
856 1934 916 1983 et
944 1925 1265 1997 censoriuS,
1297 1924 1546 1999 publicis
1577 1925 1692 1982 iam
1738 1925 2003 2000 privatis·

96 2041 214 2098 que
258 2023 555 2098 opulentis
606 2022 796 2094 rebuS,
839 2023 1003 2081 villas
1045 2042 1178 2081 suas
1222 2023 1544 2081 inexcultas
1592 2032 1651 2081 et
1694 2023 1888 2095 rudeS‚
1933 2042 2008 2081 ne
2056 2051 2104 2095 15

98 2121 350 2179 tectorio
406 2120 652 2196 quidem
708 2120 980 2196 praelitas
1025 2120 1198 2178 fuisse
1245 2119 1390 2177 dicit
1432 2119 1509 2177 ad
1554 2138 1774 2178 annum
1819 2139 2004 2196 usque

97 2218 307 2277 aetatis
337 2237 478 2277 suae
509 2219 1023 2294 septuagesimum.
1107 2220 1303 2292 Atque
1335 2218 1416 2275 ibi
1444 2228 1652 2292 postea
1695 2218 1784 2276 his
1811 2220 2003 2277 verbis

96 2316 312 2374 utitur:
387 2317 602 2391 Neque
659 2316 820 2387 mihi,
879 2316 1087 2390 inquit,
1144 2315 1481 2373 aedificatio
1538 2333 1731 2390 neque
1800 2334 2003 2373 vasum

98 2430 291 2487 neque
347 2414 766 2472 vestimentum
822 2412 1002 2470 ullum
1075 2423 1163 2471 est
1236 2413 1738 2488 manupretiosum
1809 2432 2002 2489 neque

100 2513 390 2584 pretiosus
420 2531 620 2571 servus
647 2530 841 2587 neque
871 2511 1097 2569 ancilla.
1180 2512 1241 2570 Si
1281 2511 1425 2587 quid
1469 2521 1576 2583 est,
1606 2512 1812 2587 inquit,
1843 2511 2006 2586 quod
2048 2539 2106 2569 20

98 2618 242 2682 utar,
286 2620 438 2682 utor,
483 2611 531 2668 si
573 2629 691 2668 non
737 2619 843 2681 est,
888 2627 1055 2685 egeo,
1153 2610 1332 2667 Suum
1378 2609 1589 2684 cuique
1635 2628 1738 2684 per
1782 2629 1876 2667 me
1920 2610 2005 2667 uti

98 2715 273 2781 atque
305 2708 413 2765 frui
445 2708 602 2766 licet.
684 2709 839 2765 Tum
877 2706 1096 2765 deinde
1133 2706 1337 2764 addit:
1383 2708 1542 2764 Vitio
1587 2718 1834 2779 vertunt,
1865 2708 2003 2782 quia

175 2893 220 2935 4.
253 2880 419 2924 Adeo:
449 2879 631 2937 ‘quite.'
1156 2879 1222 2924 16.
1266 2880 1473 2922 Tectorio
1532 2912 1543 2924 .
1601 2912 1613 2924 .
1667 2913 1678 2925 .
1729 2880 1963 2936 praelitas
1986 2895 2004 2924 .-

174 2966 221 3008 7.
258 2954 389 2998 Satis
404 2969 422 2997 .·
452 2953 703 3011 ‘heartily.⁰
1093 2968 1103 2986 ⁸
1121 2953 1395 3009 plastered.’

174 3040 217 3082 7.
250 3026 596 3076 ’Δκοινονόητοιε
650 3030 660 3049 ⁸
685 3026 904 3072 destitute
944 3027 998 3071 of
1154 3040 1221 3083 19.
1253 3029 1660 3084 Manupretiosum
1677 3040 1695 3074 .·
1728 3030 1738 3049 ⁴
1755 3028 1930 3085 costly.⁰

94 3110 321 3147 common
343 3103 512 3147 sense!
1152 3114 1221 3147 21.
1254 3103 1350 3145 Per
1390 3115 1495 3148 me:
1538 3105 1617 3146 ‘as
1657 3102 1728 3147 far
1763 3115 1817 3147 as
1857 3104 1877 3147 1
1920 3116 2000 3147 am

173 3189 218 3232 9.
249 3177 635 3235 Patriffamilae'as
659 3192 676 3221 .·
747 3179 756 3198 ·
781 3176 813 3220 h
828 3190 857 3221 c
872 3190 999 3221 use·
1099 3177 1399 3222 concerned.‘

94 3245 289 3304 holder-,⁸
312 3254 322 3272 ⁸
338 3257 565 3308 property
585 3251 772 3297 owner.'
1158 3264 1228 3297 22.
1264 3251 1385 3295 Vitio
1406 3254 1623 3297 vertunt:
1650 3253 1660 3271 ⁸
1676 3251 1787 3308 they
1803 3264 2002 3296 censure

149 3336 218 3370 12.
251 3327 326 3371 M.
379 3326 568 3370 Catonis
591 3341 609 3369 .·
658 3338 740 3370 see
780 3331 893 3370 note
933 3338 998 3370 on
1101 3326 1206 3371 mel

32 3393 319 3453 ’μᾷιὰ
