2475 3617
204 2002 252 2050 Ι5

300 158 383 219 62
621 158 806 241 I1'zfly
854 158 1105 224 Stories
1129 160 1319 242 from
1365 157 1585 221 Aulus
1635 156 1890 222 Gellius

301 354 417 411 iam
475 366 614 413 natu
676 356 914 432 grandis
987 366 1174 414 artem
1247 356 1585 413 athleticam
1660 355 1907 415 desisset
1975 358 2211 433 iterque

303 453 520 511 faceret
563 454 712 512 forte
757 453 913 512 solus
956 455 1017 511 in
1059 454 1204 512 locis
1250 454 1452 512 Italiae
1503 454 1875 526 silvestribuS,
1919 473 2211 529 quercum

302 551 448 609 vidit
497 552 763 625 proxime
807 553 961 609 viam
1009 552 1221 627 patulis
1272 553 1332 609 in
1380 561 1544 627 parte
1596 552 1792 610 media
1832 552 1992 611 rimis
2041 553 2210 611 hian-

301 659 440 707 tem.
524 651 676 707 Tum
725 650 994 725 experiri,
1038 648 1241 721 cred0‚
1282 650 1462 707 etiam
1503 660 1643 707 tunc
1685 650 1905 722 volens,
1936 669 2011 707 an
2052 650 2212 710 ullae

204 773 223 820 5
296 747 405 805 sibi
441 747 698 822 reliquae
741 748 890 805 vires
935 746 1229 819 adessent,
1261 748 1513 805 inmissis
1557 748 1617 805 in
1661 765 1939 805 cavernas
1981 749 2211 807 arboris

303 844 517 921 digitis,
575 844 856 904 diducere
917 855 976 903 et
1031 843 1368 903 rescindere
1441 863 1722 919 quercum
1789 855 2034 903 conatus
2094 856 2209 905 est.

302 944 390 999 Ac
435 943 694 1001 mediam
737 943 981 1018 quidem
1026 954 1253 1018 partem
1302 941 1542 1001 discidit
1597 941 1976 1018 divellitque;
2033 962 2209 1019 quer-

303 1059 407 1098 cus
455 1050 653 1098 autem
701 1041 759 1098 in
807 1040 953 1100 duas
997 1039 1242 1099 diducta
1284 1040 1481 1115 partis,
1528 1058 1662 1097 cum
1705 1033 1820 1112 ille,
1859 1041 2026 1115 quasi
2072 1060 2208 1117 per-

303 1138 462 1196 fecto
518 1138 682 1213 quod
739 1149 864 1196 erat
918 1140 1180 1211 conixus,
1242 1157 1448 1196 manus
1505 1138 1774 1210 laxasset,
1824 1149 2091 1197 cessante
2147 1141 2212 1197 <ri

206 1263 259 1294 ιο
300 1236 474 1294 rediit
518 1237 579 1293 in
625 1246 890 1294 naturam
939 1237 1323 1311 manibusque
1371 1236 1495 1294 eius
1551 1236 1791 1293 retentis
1850 1236 2209 1312 inclusisque

303 1334 506 1393 stricta
549 1334 748 1394 denuo
797 1345 857 1392 et
905 1335 1177 1407 cohaesa,
1224 1333 1667 1392 dilacerandum
1716 1333 2019 1392 hominem
2068 1333 2211 1394 feris

303 1432 590 1508 praebuit.

894 1742 1020 1797 46.
1076 1744 1166 1807 (N.
1201 1745 1265 1793 A.
1300 1743 1411 1792 XV.
1441 1742 1598 1805 xvn.)

298 1907 464 1970 Quam
501 1906 567 1954 ob
604 1922 804 1955 causam
842 1906 1036 1955 nobiles
1066 1906 1207 1970 pueri
1244 1905 1629 1954 Atheniensium
1663 1905 1799 1953 tibiis
1833 1920 2012 1954 canere
2044 1906 2210 1956 desie-

381 1989 494 2048 rint,
521 2005 633 2037 cum
668 1990 881 2053 patrium
918 1989 1065 2037 istum
1100 2004 1291 2037 morem
1326 1988 1542 2037 canendi
1576 1988 1834 2036 haberent.

381 2139 716 2198 Alcibiades
745 2140 1137 2211 AtheniensiS,
1168 2158 1304 2197 cum
1342 2138 1501 2213 apud
1544 2139 1893 2197 avunculum
1939 2139 2211 2199 Periclen

300 2257 449 2313 puer
503 2238 720 2297 artibus
762 2257 832 2295 ac
876 2238 1198 2313 disciplinis
1250 2237 1582 2296 liberalibus
1628 2237 1956 2296 erudiretur
2010 2248 2072 2296 et
2116 2258 2207 2296 ar-

390 2422 428 2454 1.
460 2409 623 2453 Artem
666 2410 934 2453 athleticam
977 2409 1165 2453 desisset
1179 2422 1196 2455 .·

300 2486 310 2504 ‘
327 2484 421 2527 had
443 2484 584 2539 given
606 2497 672 2540 up
693 2483 939 2529 athletics.'

386 2571 427 2615 3.
457 2558 643 2601 Patalis
671 2591 681 2602 .
710 2591 720 2603 .
747 2591 759 2603 .
790 2559 994 2601 hiantem
1011 2571 1027 2603 .·
1062 2560 1200 2615 ‘gap-

300 2633 382 2689 ing
432 2632 540 2677 with
588 2633 710 2676 wide
773 2633 940 2676 cracks
1006 2632 1055 2676 in
1119 2632 1198 2675 the

300 2707 509 2752 middle:

360 2796 426 2828 10.
458 2783 625 2827 Rediit
673 2783 722 2826 in
782 2786 1002 2826 naturam
1027 2796 1043 2828 .·
1096 2784 1106 2802 ‘
1131 2795 1201 2826 re-

298 2857 471 2901 turned
491 2864 540 2901 to
562 2858 619 2901 its
641 2857 824 2901 natural
845 2857 1083 2913 position!

360 2945 428 2978 11.
460 2933 637 2976 Stricta
663 2966 673 2977 .
697 2965 709 2977 .
734 2965 746 2977 .
772 2933 994 2977 cohaesa,·
1032 2935 1041 2951 ⁴
1057 2931 1197 2988 again

300 3006 509 3064 clinging
530 3006 732 3064 closely.’

360 3094 427 3136 14.
471 3082 618 3124 Tibiis
649 3093 846 3125 canet-e:
881 3083 956 3124 ‘to
987 3082 1096 3137 play
1118 3081 1196 3123 the

299 3154 441 3207 flute,'
494 3167 562 3206 or,
612 3166 746 3197 more
805 3153 1044 3210 correctly,
1094 3154 1198 3196 ‘the

298 3228 465 3284 pipes.’

363 3300 429 3345 16.
460 3300 869 3345 Alcibiades:
902 3300 1023 3343 born
1052 3301 1201 3343 about

300 3385 389 3429 450
411 3380 516 3426 B.C.,
537 3372 650 3416 died
671 3386 758 3428 404
780 3379 897 3423 B.C.;
933 3384 962 3414 a
988 3371 1121 3427 pupil
1152 3370 1207 3416 os

1303 2409 1539 2462 SocrateS,
1556 2409 1744 2465 equally
1761 2408 2109 2465 distinguished
2132 2409 2210 2454 for

1303 2483 1377 2526 his
1417 2483 1546 2530 vices
1587 2484 1682 2527 and
1724 2483 1798 2527 his
1839 2483 2055 2528 abilitieS.
2124 2485 2209 2528 He

1300 2558 1473 2615 played
1515 2571 1545 2601 a
1582 2558 1856 2614 prominent
1895 2565 2001 2614 part
2036 2557 2085 2601 in
2125 2559 2209 2603 the

1306 2633 1691 2689 Peloponnesian
1712 2633 1846 2677 War.

1363 2708 1430 2752 16.
1461 2708 1849 2751 Avunculum
1874 2720 1892 2752 .·
1937 2709 1947 2727 ‘
1972 2708 2208 2752 maternal

1303 2782 1470 2826 uncle.’
1531 2782 1678 2826 Some
1699 2795 1783 2838 say
1802 2781 1877 2825 his
1898 2781 2190 2838 step-father.

1363 2857 1430 2901 16.
1459 2857 1786 2902 Periclen:
1834 2856 1914 2899 the
1944 2863 2207 2901 statesman

1301 2931 1410 2975 who
1471 2932 1714 2987 governed
1764 2930 1948 2975 Athens
2006 2930 2055 2974 in
2118 2930 2207 2975 her

1300 3005 1471 3062 period
1526 3005 1580 3049 of
1633 3012 1837 3062 greatest
1893 3017 2055 3061 power
2104 3006 2206 3049 and

1299 3080 1578 3137 prosperity.
1641 3081 1720 3124 He
1756 3081 1867 3123 died
1898 3093 1986 3135 429
2017 3087 2111 3125 B.C.

1363 3166 1428 3209 17.
1458 3155 1655 3198 Artebas
1672 3188 1682 3200 .
1701 3188 1711 3198 .
1730 3188 1741 3199 .
1761 3154 2033 3198 liberalibus
2047 3167 2064 3199 .·
2095 3156 2205 3198 ‘the

1302 3228 1757 3283 accomplishments
1791 3227 1888 3271 and
1918 3218 2126 3283 training
2156 3227 2213 3271 of

1302 3314 1330 3343 a
1351 3303 1653 3356 gentleman.'
