2475 3617
405 174 590 258 Fg'fty
639 175 889 239 Stories
913 176 1101 258 from
1148 173 1372 237 Aulus
1421 174 1677 238 Gellius
1908 189 1993 255 47

38 359 39 428 s
100 375 369 432 orationis
433 373 708 448 antiquae
775 373 1058 431 suavitate
1114 372 1444 447 descripsit.
1549 372 1745 445 Quem
1799 373 1996 430 locum

37 469 45 548 ξ
98 490 161 529 ex
216 490 290 530 eo
352 471 504 530 libro
567 470 952 546 philosophus
1011 471 1329 527 Favorinus
1387 488 1523 527 cum
1581 470 1818 545 legeret,
1876 488 1999 528 non

36 567 39 662 ]
97 570 409 628 minoribus
451 569 615 644 quati
657 569 952 643 adficique
997 568 1259 625 animum
1303 586 1470 625 suum
1521 568 1778 626 motibus
1819 568 1994 642 pulsi-

96 667 314 743 busque
371 667 628 739 dicebat,
673 685 850 741 quam
901 666 947 723 si
1005 666 1130 740 ipse
1187 684 1388 723 coram
1437 665 1847 741 depugnantes
1896 684 1998 724 eos

36 695 41 822 i
96 775 404 839 spectaret.
2074 790 2095 837 5

162 862 365 922 Verba
421 863 498 936 Q.
557 861 786 933 Claudi,
851 861 1062 936 quibus
1131 879 1331 936 pugna
1399 861 1510 918 ista
1580 861 1821 936 depicta
1891 872 1997 933 est,

93 960 408 1036 adscripsi:
475 961 630 1019 Cum
682 959 915 1018 interim
966 959 1168 1018 Gallus
1218 957 1461 1034 quidam
1518 958 1710 1017 nudus
1764 970 1998 1033 praeter

93 1068 317 1116 scutum
362 1068 422 1117 et
463 1057 693 1133 gladios
733 1057 884 1116 duos
927 1066 1137 1132 torque
1179 1067 1359 1131 atque
1402 1056 1641 1114 armillis
1683 1056 1997 1115 decoratus

31 1099 41 1244 J
92 1157 392 1229 processit,
436 1155 537 1230 qui
580 1165 641 1214 et
682 1155 900 1214 viribus
943 1164 1003 1213 et
1046 1154 1450 1230 magnitudine
1496 1164 1555 1212 et
1598 1153 1999 1213 adulescentia

92 1254 375 1329 simulque
420 1254 634 1311 virtute
685 1253 896 1311 ceteris
946 1252 1279 1310 antistabat.
1367 1253 1426 1309 Is
1471 1252 1724 1310 maxime
1774 1253 2000 1327 proelio
2047 1280 2099 1311 ιο

92 1361 391 1409 commoto
454 1361 634 1425 atque
693 1350 953 1425 utrisque
1020 1367 1254 1407 summo
1321 1349 1516 1408 studio
1581 1350 1994 1425 pugnantibuS,

29 1465 35 1486 ³
91 1467 263 1506 manu
320 1449 649 1524 significare
704 1449 906 1523 coepit
961 1449 1237 1523 utrisque,
1289 1447 1677 1522 quiescerent.
1762 1450 1996 1523 Pugnae

30 1491 37 1618 i
91 1546 240 1604 facta
296 1565 479 1622 pausa
534 1556 642 1605 est.
754 1546 1072 1621 Extemplo
1133 1546 1367 1604 silentio
1432 1546 1590 1603 facto
1652 1564 1787 1603 cum
1849 1564 1995 1604 voce

91 1645 342 1701 maxima
389 1644 742 1715 conclamat,
785 1644 834 1701 si
875 1644 1004 1718 quis
1047 1661 1250 1701 secum
1294 1643 1636 1718 depugnare
1677 1644 1869 1715 vellet,
1913 1645 1997 1701 uti

92 1741 373 1816 prodiret.
460 1743 658 1799 Nemo
705 1740 961 1800 audebat
1011 1752 1255 1816 propter
1304 1740 1770 1816 magnitudinem
1823 1751 1998 1816 atque
2046 1767 2093 1815 ¹5

27 1863 33 1875 ·
90 1839 492 1897 inmanitatem
525 1840 722 1897 facieS.
804 1839 1041 1898 Deinde
1070 1839 1276 1898 Gallus
1306 1837 1559 1897 inridere
1590 1840 1791 1914 coepit
1817 1848 1995 1914 atque

28 1901 35 2016 i
90 1936 345 2011 linguam
377 1946 658 1995 exertare.
745 1936 817 1994 Id
848 1938 1043 1996 subito
1072 1936 1431 2012 perdolitum
1470 1946 1557 1994 est
1592 1936 1828 1994 cuidam
1855 1938 1995 1995 Tito

28 2047 31 2134 J
91 2035 332 2106 Manlio,
381 2053 615 2095 summo
657 2052 872 2109 genere
923 2044 1119 2110 gnat0‚
1166 2044 1396 2092 tantum
1446 2034 1725 2109 flagitium
1776 2035 1995 2093 civitati

28 2137 31 2200 l
89 2131 387 2204 adcidere,
419 2149 451 2189 e
482 2142 646 2190 tanto
677 2132 936 2190 exercitu
966 2132 1266 2189 neminem
1296 2130 1551 2207 prodire.
1638 2134 1714 2204 Is,
1745 2142 1809 2190 ut
1837 2132 1994 2204 dic0,

28 2230 373 2308 fprocessit
412 2247 606 2304 neque
650 2248 853 2305 passus
892 2240 982 2288 est
1017 2230 1292 2287 virtutem
1333 2231 1666 2287 Romanam
1710 2231 1785 2289 ab
1823 2231 1998 2290 Gallo
2040 2258 2096 2288 20

28 2319 31 2388 l
90 2328 335 2402 turpiter
379 2327 636 2402 spoliari.
741 2328 921 2386 Scuto
974 2326 1233 2403 pedestri
1293 2315 1366 2384 et?
1407 2327 1603 2402 gladio
1661 2328 1993 2402 Hispanico

28 2489 29 2492 Ἴ
88 2424 313 2483 cinctus
354 2435 560 2482 contra
602 2425 836 2484 Gallum
881 2426 1164 2483 constitit.
1251 2426 1418 2482 Metu
1468 2443 1684 2500 magno
1734 2444 1804 2483 ea
1851 2444 1991 2483 con-

28 2511 29 2516 *
87 2522 305 2596 gressio
342 2523 404 2579 in
443 2523 572 2597 ipso
612 2523 799 2597 ponti,
829 2532 1076 2597 utroque
1121 2523 1382 2581 exercitu
1422 2523 1809 2598 inspectante,
1841 2524 1995 2581 facta

89 2629 191 2678 est.
279 2622 389 2692 Ita,
420 2629 485 2677 ut
512 2630 648 2678 ante
678 2619 818 2692 dixi,
848 2620 1235 2679 constiterunt
1260 2642 1272 2679 ς
1320 2621 1524 2679 Gallus
1552 2639 1655 2678 sua
1683 2621 1993 2696 disciplina

169 2806 214 2838 2.
244 2792 540 2838 Favorinus:
585 2805 665 2836 see
703 2798 813 2837 note
845 2805 908 2836 on
938 2806 987 2850 p.
1148 2806 1217 2838 21.
1251 2795 1390 2837 Scuto
1407 2793 1650 2850 pedestri:
1683 2794 1762 2837 the
1792 2793 1994 2852 infantry

90 2878 124 2919 1,
147 2867 176 2911 l.
201 2878 245 2911 2.
1090 2868 1276 2912 carried
1299 2880 1360 2912 an
1384 2868 1565 2923 oblong
1588 2867 1743 2912 shield
1774 2868 1828 2912 of
1851 2869 1993 2914 wood

169 2955 213 2998 3.
248 2942 525 2985 Motibus
553 2942 987 2999 pulsibusque:
1091 2955 1146 2986 or
1166 2942 1353 2995 wicker,
1375 2942 1525 2986 about
1544 2957 1574 2998 4
1594 2942 1640 2987 ft.
1662 2960 1691 2989 x
1714 2941 1789 2993 2¹s'2
1810 2943 1857 2989 ft.

87 3017 278 3072 ‘strong
307 3014 578 3060 emotions.'
1150 3029 1220 3062 21.
1260 3016 1433 3062 Gladio
1522 3018 1783 3073 Hispanico
1805 3031 1822 3063 .·
1910 3018 1993 3062 the

168 3104 216 3146 7.
247 3091 417 3134 Nudus
439 3103 457 3137 :
552 3092 562 3111 ⁶
588 3091 821 3135 unarmed
845 3091 854 3107 ⁰
934 3104 991 3135 or
1091 3090 1299 3147 Spanish
1350 3091 1508 3135 sword
1557 3103 1654 3135 was
1704 3091 1837 3136 short
1895 3093 1993 3137 and
2067 3144 2072 3149 ,

88 3166 97 3183 ⁸
110 3164 351 3221 stripped.'
1090 3164 1402 3222 dagger-like.

145 3252 217 3283 10.
248 3240 549 3284 Antistabat:
580 3240 846 3286 ‘excelled.'
1147 3253 1218 3296 24.
1251 3239 1520 3296 Disciplina
1543 3251 1560 3285 .·
1632 3239 1642 3258 ‘
1666 3252 1867 3284 manner
1944 3239 2001 3286 of

145 3314 215 3358 16.
248 3314 441 3360 Facies:
475 3313 669 3358 archaic
688 3314 906 3371 genitive.
1090 3313 1316 3371 fighting·

144 3400 214 3444 17.
246 3388 488 3434 Exertare
506 3403 523 3431 .·
553 3390 563 3409 ⁴
583 3393 631 3432 to
654 3386 805 3433 thrust
827 3387 938 3433 out!
