2475 3617
351 1238 402 1268 10

350 1903 398 1950 ι5

450 152 485 195 2
696 135 846 201 F
824 135 981 221 sty
1000 136 1247 219 Semitas
1253 143 1459 223 from
1506 140 1728 202 Aulus
1778 139 2032 202 Gellius

416 313 677 405 ‘'autem5
694 277 959 408 proinde
975 317 1185 409 {cI-uani.
1188 319 1346 402 cum,
1365 345 1559 392 matre
1591 335 1855 393 Euandri
1893 353 2048 392 nunc
2086 325 2353 410 loquare,

449 449 719 489 sermone
750 431 964 489 abhinc
994 432 1189 490 multis
1219 432 1387 490 annis
1417 434 1532 491 iam
1562 432 1756 491 desito
1785 433 1982 503 uteris,
2006 431 2170 507 quod
2199 434 2355 492 scire

447 540 623 605 atque
646 529 985 605 intellegere
1015 531 1316 588 neminem
1344 530 1431 590 vis
1469 549 1621 607 quae
1650 529 1832 589 dicaS.
1905 531 2140 601 Nonne,
2165 531 2354 589 homo

448 627 667 702 inepte,
723 637 787 685 ut
837 626 1000 702 quod
1042 628 1127 686 vis
1183 629 1421 687 abunde
1477 629 1873 703 consequariS,
1925 630 2129 686 taces?
2229 628 2354 687 Sed

443 724 851 800 antiquitatem
902 726 1008 784 tibi
1058 726 1294 801 placere
1338 727 1440 797 ais,
1490 726 1655 802 quod
1698 727 1945 785 honesta
1986 736 2045 784 et
2088 726 2248 785 bona
2292 736 2356 786 et

448 822 644 880 sobria
695 833 755 880 et
810 822 1077 882 modesta
1127 824 1219 882 sit.
1303 824 1449 882 Vive
1500 842 1640 900 ergo
1691 824 1951 883 moribus
1999 824 2352 900 praeteritis,

447 920 687 995 loquere
721 921 913 980 verbis
946 922 1352 996 praesentibus
1386 932 1562 998 atque
1598 921 1678 994 id,
1707 920 1872 997 quod
1904 940 1941 979 a
1974 922 2045 981 C.
2073 922 2351 994 Caesare,

449 1017 788 1075 excellentis
827 1019 1046 1094 ingenii
1087 1038 1157 1077 ac
1191 1019 1541 1094 prudentiae
1576 1019 1720 1092 vir0,
1755 1020 1817 1077 in
1857 1019 2048 1095 primo
2090 1018 2167 1076 de
2210 1037 2351 1077 ana-

446 1114 600 1190 logia
638 1115 788 1174 libro
824 1117 1107 1192 scriptum
1147 1126 1253 1189 est,
1285 1118 1437 1175 habe
1476 1135 1711 1192 semper
1748 1117 1809 1174 in
1849 1116 2135 1175 memoria
2167 1126 2351 1192 atque

445 1213 504 1269 in
543 1223 805 1287 pectore,
849 1224 913 1272 ut
948 1224 1249 1288 tamquam
1292 1214 1618 1291 scopulum,
1664 1214 1748 1273 sic
1790 1214 1975 1291 fugias
2018 1213 2353 1273 inauditum

449 1319 626 1384 atque
668 1311 924 1369 insolens
966 1312 1246 1371 verbum.'

1118 1562 1190 1617 2.
1233 1564 1329 1628 (Ν.
1360 1567 1421 1614 Α.
1457 1565 1498 1613 Ι.
1532 1564 1667 1628 xw.)

445 1726 577 1789 Quid
614 1727 791 1776 dixerit
826 1727 1097 1793 feceritque
1133 1727 1188 1776 C.
1228 1728 1496 1786 Fabricius,
1537 1742 1721 1790 magna
1754 1727 1826 1775 vir
1859 1726 2018 1790 gloria
2051 1727 2353 1792 magnisque

528 1811 674 1859 rebus
706 1811 872 1873 gestis,
907 1812 995 1859 sed
1033 1810 1249 1859 familiae
1287 1810 1632 1875 pecuniaeque
1669 1810 1828 1874 inops,
1865 1825 1978 1858 cum
2013 1809 2061 1857 ei
2098 1809 2354 1859 Samnites

528 1899 783 1958 tamquam
818 1893 1063 1956 indigenti
1096 1908 1248 1956 grave
1284 1909 1458 1942 aurum
1493 1894 1754 1942 donarent.

529 2027 708 2085 Iulius
766 2027 1036 2103 Hyginus
1090 2028 1153 2085 in
1208 2027 1358 2086 libro
1407 2027 1485 2085 de
1528 2026 1647 2084 vita
1689 2025 1977 2102 rebusque
2021 2025 2350 2084 inlustrium

444 2123 701 2182 virorum
744 2096 933 2200 sextoff
959 2126 1182 2201 legatos
1226 2124 1372 2182 dicit
1421 2143 1456 2182 a
1504 2124 1859 2183 Samnitibus
1908 2122 1985 2181 ad
2029 2124 2099 2182 C.
2144 2123 2349 2182 Fabri—

447 2221 623 2293 cium,
654 2222 1069 2297 imperatorem
1109 2222 1313 2297 populi
1345 2222 1618 2294 Romani,
1646 2221 1876 2279 venisse
1915 2230 1976 2278 et
2008 2221 2351 2279 memoratis

507 2407 544 2440 1.
576 2394 783 2438 Proinde
804 2394 943 2451 quasi
958 2406 974 2438 .·
1008 2393 1130 2450 ‘just
1150 2405 1203 2437 as
1226 2392 1284 2439 if:
1507 2405 1575 2438 10.
1607 2392 1889 2449 Scopulum:
1938 2393 1994 2435 ‘a
2045 2390 2214 2445 rock';
2268 2392 2351 2436 the

506 2476 544 2507 1.
576 2462 831 2506 Euandri:
887 2461 1110 2505 Evander
1159 2474 1256 2504 was
1314 2473 1345 2504 a

444 2538 563 2581 hero
603 2536 710 2580 who
753 2536 878 2581 lived
909 2549 973 2580 on
1009 2535 1089 2580 the
1128 2535 1343 2580 Palatine

448 2611 546 2657 Hill
578 2611 625 2655 in
658 2610 737 2654 the
765 2610 879 2654 time
905 2609 960 2654 of
983 2611 1189 2655 Aeneas.
1253 2609 1344 2654 His

446 2685 633 2730 mother
646 2698 743 2729 was
760 2684 913 2730 called
931 2684 1224 2730 Carmentis:
1258 2684 1345 2728 she

445 2761 486 2805 is
507 2760 784 2805 mentioned
805 2759 919 2803 here
937 2772 989 2803 as
1005 2772 1035 2803 a
1051 2765 1346 2817 representa-

445 2836 539 2880 tive
560 2834 614 2880 of
629 2841 837 2879 extreme
863 2833 1108 2891 antiquity.

504 2924 543 2955 2.
577 2910 791 2956 Abhinc:
824 2910 972 2967 ‘ago.'

504 2999 544 3031 2.
578 2985 737 3029 Desito
753 3000 771 3028 .·
800 2987 811 3005 ⁸
830 2984 1054 3030 disused.⁸

503 3074 545 3118 3.
576 3060 776 3104 Nonne:
807 3059 937 3117 ‘why
958 3058 1075 3104 not.’

503 3150 546 3191 4.
577 3135 765 3192 Inepte:
793 3134 1018 3179 ‘soolish.'

506 3212 546 3254 8.
576 3209 651 3254 De
678 3209 902 3267 analogia
919 3221 935 3254 .·
963 3221 992 3252 a
1011 3207 1342 3265 grammatical

448 3284 579 3328 work
599 3283 779 3327 written
800 3284 863 3340 by
885 3283 1065 3328 Caesar
1088 3295 1140 3325 as
1162 3281 1222 3325 he
1243 3294 1339 3325 was

449 3357 664 3414 crossing
685 3357 763 3401 the
783 3356 917 3414 Alps,
937 3367 995 3414 53
1017 3364 1108 3400 B.C.

1445 2467 1613 2511 notion
1634 2465 1689 2511 of
1702 2465 1966 2523 shipwreck
1988 2464 2027 2509 is
2048 2467 2321 2522 suggested.

1508 2554 1575 2586 11.
1609 2541 1846 2586 Insolens:
1927 2542 1938 2560 ‘
1962 2540 2197 2593 unusual,'
2268 2540 2351 2585 the

1445 2628 1622 2673 proper
1655 2615 1881 2671 meaning
1911 2613 1966 2659 of
1989 2614 2070 2658 the
2100 2614 2249 2660 word.

1507 2697 1574 2741 13.
1614 2684 1660 2728 C.
1691 2683 1970 2728 Fabricius:
2016 2694 2098 2726 see
2133 2687 2247 2726 note
2283 2695 2347 2727 on

1445 2772 1492 2816 p.
1527 2772 1566 2813 1,
1598 2758 1626 2804 1.
1662 2773 1715 2815 7:
1760 2757 1822 2801 he
1856 2757 2074 2802 defeated
2101 2756 2182 2801 the
2210 2756 2351 2802 Sam-

1446 2833 1567 2878 nites
1600 2833 1649 2878 in
1682 2832 1757 2877 his
1789 2831 1886 2876 first
1923 2830 2216 2889 consulship,
2262 2833 2351 2876 282

1447 2916 1540 2954 B.C.

1508 2983 1575 3029 16.
1605 2982 1854 3039 Hyginus:
1896 2994 1927 3025 a
1964 2981 2155 3026 Roman
2187 2992 2350 3038 gram-

1447 3058 1645 3111 marian,
1667 3069 1698 3100 a
1726 3056 1883 3100 native
1915 3054 1969 3100 of
1993 3055 2159 3113 Spain,
2188 3055 2289 3099 and
2320 3068 2350 3100 a

1445 3131 1692 3177 freedman
1715 3132 1813 3176 and
1835 3130 2060 3175 librarian
2084 3128 2139 3174 of
2154 3130 2350 3186 Augus·

1445 3213 1535 3253 tus,
1596 3206 1688 3251 His
1710 3205 1865 3250 works
1894 3218 1975 3250 are
2006 3205 2065 3249 all
2098 3204 2203 3250 lost.
2265 3205 2348 3250 He

1443 3280 1568 3324 lived
1589 3281 1739 3325 about
1758 3281 1817 3338 64
1838 3287 2016 3337 B.C.-17
2037 3287 2143 3326 ΑΔ).

2456 1635 2465 1774 ἰ
