<?xml version="1.0" encoding="UTF-8"?>
<!DOCTYPE html PUBLIC "-//W3C//DTD XHTML 1.0 Transitional//EN"
    "http://www.w3.org/TR/xhtml1/DTD/xhtml1-transitional.dtd">
<html xmlns="http://www.w3.org/1999/xhtml" xml:lang="en" lang="en">
 <head>
  <title>
</title>
<meta http-equiv="Content-Type" content="text/html;charset=utf-8" />
  <meta name='ocr-system' content='tesseract 3.04.00' />
  <meta name='ocr-capabilities' content='ocr_page ocr_carea ocr_par ocr_line ocrx_word'/>
</head>
<body>
  <div class='ocr_page' id='page_1' title='image "./fiftystoriesfro00gellgoog/fiftystoriesfro00gellgoog_0029.png"; bbox 0 0 2475 3617; ppageno 0'>
   <div class='ocr_carea' id='block_1_1' title="bbox 469 213 2042 303">
    <p class='ocr_par' dir='ltr' id='par_1_1' title="bbox 469 213 2042 303">
     <span class='ocr_line' id='line_1_1' title="bbox 469 213 2042 303; baseline 0.005 -26"><span class='ocrx_word' id='word_1_1' title='bbox 469 213 650 297; x_wconf 68' lang='lat' dir='ltr'>Fzfly</span> <span class='ocrx_word' id='word_1_2' title='bbox 698 214 947 279; x_wconf 78' lang='lat' dir='ltr'>Stories</span> <span class='ocrx_word' id='word_1_3' title='bbox 971 215 1158 297; x_wconf 83' lang='lat' dir='ltr'>from</span> <span class='ocrx_word' id='word_1_4' title='bbox 1205 214 1426 279; x_wconf 83' lang='lat' dir='ltr'><em>Aulus</em></span> <span class='ocrx_word' id='word_1_5' title='bbox 1476 216 1733 281; x_wconf 81' lang='lat' dir='ltr'><em>Gellius</em></span> <span class='ocrx_word' id='word_1_6' title='bbox 1971 237 2042 303; x_wconf 83' lang='lat'>13</span> 
     </span>
    </p>
   </div>
   <div class='ocr_carea' id='block_1_2' title="bbox 73 413 2204 2915">
    <p class='ocr_par' dir='ltr' id='par_1_2' title="bbox 73 413 2146 1175">
     <span class='ocr_line' id='line_1_2' title="bbox 133 413 2049 488; baseline 0.004 -18"><span class='ocrx_word' id='word_1_7' title='bbox 133 414 364 471; x_wconf 89' lang='lat' dir='ltr'>amicos</span> <span class='ocrx_word' id='word_1_8' title='bbox 393 422 578 488; x_wconf 90' lang='lat' dir='ltr'>roget,</span> <span class='ocrx_word' id='word_1_9' title='bbox 608 413 691 470; x_wconf 91' lang='lat' dir='ltr'>uti</span> <span class='ocrx_word' id='word_1_10' title='bbox 721 414 850 471; x_wconf 90' lang='lat' dir='ltr'>luce</span> <span class='ocrx_word' id='word_1_11' title='bbox 882 414 1108 471; x_wconf 87' lang='lat' dir='ltr'>oriente</span> <span class='ocrx_word' id='word_1_12' title='bbox 1136 415 1377 473; x_wconf 87' lang='lat' dir='ltr'>veniant</span> <span class='ocrx_word' id='word_1_13' title='bbox 1411 425 1470 472; x_wconf 93' lang='lat' dir='ltr'>et</span> <span class='ocrx_word' id='word_1_14' title='bbox 1508 418 1769 474; x_wconf 88' lang='lat' dir='ltr'>metant.’</span> <span class='ocrx_word' id='word_1_15' title='bbox 1855 419 2049 477; x_wconf 84' lang='lat' dir='ltr'><strong>Mater</strong></span> 
     </span>
     <span class='ocr_line' id='line_1_3' title="bbox 133 511 2047 591; baseline 0.004 -23"><span class='ocrx_word' id='word_1_16' title='bbox 133 511 301 571; x_wconf 92' lang='lat' dir='ltr'>iubet</span> <span class='ocrx_word' id='word_1_17' title='bbox 341 529 445 569; x_wconf 91' lang='lat' dir='ltr'>eos</span> <span class='ocrx_word' id='word_1_18' title='bbox 483 511 675 569; x_wconf 89' lang='lat' dir='ltr'>otioso</span> <span class='ocrx_word' id='word_1_19' title='bbox 714 511 913 569; x_wconf 91' lang='lat' dir='ltr'>animo</span> <span class='ocrx_word' id='word_1_20' title='bbox 957 530 1121 570; x_wconf 89' lang='lat' dir='ltr'>esse:</span> <span class='ocrx_word' id='word_1_21' title='bbox 1169 513 1266 571; x_wconf 90' lang='lat' dir='ltr'>‘Si</span> <span class='ocrx_word' id='word_1_22' title='bbox 1308 513 1466 570; x_wconf 90' lang='lat' dir='ltr'>enim</span> <span class='ocrx_word' id='word_1_23' title='bbox 1510 513 1822 573; x_wconf 87' lang='lat' dir='ltr'>dominus’</span> <span class='ocrx_word' id='word_1_24' title='bbox 1858 516 2047 591; x_wconf 91' lang='lat' dir='ltr'>inquit</span> 
     </span>
     <span class='ocr_line' id='line_1_4' title="bbox 134 608 2048 686; baseline 0.004 -20"><span class='ocrx_word' id='word_1_25' title='bbox 134 609 416 667; x_wconf 87' lang='lat' dir='ltr'>‘messim</span> <span class='ocrx_word' id='word_1_26' title='bbox 466 608 542 667; x_wconf 91' lang='lat' dir='ltr'>ad</span> <span class='ocrx_word' id='word_1_27' title='bbox 593 609 817 667; x_wconf 88' lang='lat' dir='ltr'>amicos</span> <span class='ocrx_word' id='word_1_28' title='bbox 866 610 1052 681; x_wconf 88' lang='lat' dir='ltr'>reicit,</span> <span class='ocrx_word' id='word_1_29' title='bbox 1099 611 1354 669; x_wconf 87' lang='lat' dir='ltr'>crastino</span> <span class='ocrx_word' id='word_1_30' title='bbox 1405 629 1573 686; x_wconf 88' lang='lat' dir='ltr'>seges</span> <span class='ocrx_word' id='word_1_31' title='bbox 1622 630 1743 670; x_wconf 95' lang='lat' dir='ltr'>non</span> <span class='ocrx_word' id='word_1_32' title='bbox 1794 624 2048 674; x_wconf 90' lang='lat' dir='ltr'>metetur</span> 
     </span>
     <span class='ocr_line' id='line_1_5' title="bbox 134 706 2048 787; baseline 0.004 -23"><span class='ocrx_word' id='word_1_33' title='bbox 134 725 335 782; x_wconf 90' lang='lat' dir='ltr'>neque</span> <span class='ocrx_word' id='word_1_34' title='bbox 364 723 673 765; x_wconf 86' lang='lat' dir='ltr'>necessum</span> <span class='ocrx_word' id='word_1_35' title='bbox 705 717 814 777; x_wconf 89' lang='lat' dir='ltr'>est,</span> <span class='ocrx_word' id='word_1_36' title='bbox 837 706 1015 765; x_wconf 92' lang='lat' dir='ltr'>hodie</span> <span class='ocrx_word' id='word_1_37' title='bbox 1040 708 1124 765; x_wconf 90' lang='lat' dir='ltr'>uti</span> <span class='ocrx_word' id='word_1_38' title='bbox 1145 727 1250 766; x_wconf 91' lang='lat' dir='ltr'>vos</span> <span class='ocrx_word' id='word_1_39' title='bbox 1279 709 1576 766; x_wconf 87' lang='lat' dir='ltr'>auferam.’</span> <span class='ocrx_word' id='word_1_40' title='bbox 1609 749 1630 771; x_wconf 56' lang='lat' dir='ltr'>v</span> <span class='ocrx_word' id='word_1_41' title='bbox 1650 714 1665 741; x_wconf 93' lang='lat'>‘</span> <span class='ocrx_word' id='word_1_42' title='bbox 1688 711 1799 767; x_wconf 90' lang='lat' dir='ltr'>Die</span> <span class='ocrx_word' id='word_1_43' title='bbox 1823 713 1836 738; x_wconf 93' lang='lat'>&#39;</span> <span class='ocrx_word' id='word_1_44' title='bbox 1860 712 2048 787; x_wconf 91' lang='lat' dir='ltr'>inquit</span> 
     </span>
     <span class='ocr_line' id='line_1_6' title="bbox 136 804 2146 886; baseline 0.003 -23"><span class='ocrx_word' id='word_1_45' title='bbox 136 809 418 880; x_wconf 91' lang='lat' dir='ltr'>‘postero</span> <span class='ocrx_word' id='word_1_46' title='bbox 455 815 641 862; x_wconf 89' lang='lat' dir='ltr'>mater</span> <span class='ocrx_word' id='word_1_47' title='bbox 674 804 733 861; x_wconf 91' lang='lat' dir='ltr'>in</span> <span class='ocrx_word' id='word_1_48' title='bbox 775 804 1055 879; x_wconf 89' lang='lat' dir='ltr'>pabulum</span> <span class='ocrx_word' id='word_1_49' title='bbox 1090 807 1266 864; x_wconf 91' lang='lat' dir='ltr'>volat.</span> <span class='ocrx_word' id='word_1_50' title='bbox 1353 807 1665 877; x_wconf 84' lang='lat' dir='ltr'>Dominus,</span> <span class='ocrx_word' id='word_1_51' title='bbox 1697 826 1846 883; x_wconf 92' lang='lat' dir='ltr'>quos</span> <span class='ocrx_word' id='word_1_52' title='bbox 1886 828 2051 886; x_wconf 88' lang='lat' dir='ltr'>roga·</span> <span class='ocrx_word' id='word_1_53' title='bbox 2125 837 2146 884; x_wconf 84' lang='lat'><strong>5</strong></span> 
     </span>
     <span class='ocr_line' id='line_1_7' title="bbox 73 900 2048 987; baseline 0.004 -28"><span class='ocrx_word' id='word_1_54' title='bbox 73 900 80 906; x_wconf 79' lang='grc'><em>’</em></span> <span class='ocrx_word' id='word_1_55' title='bbox 133 912 319 973; x_wconf 88' lang='lat' dir='ltr'>verat,</span> <span class='ocrx_word' id='word_1_56' title='bbox 350 903 672 977; x_wconf 88' lang='lat' dir='ltr'>opperitur.</span> <span class='ocrx_word' id='word_1_57' title='bbox 756 903 853 961; x_wconf 91' lang='lat' dir='ltr'>Sol</span> <span class='ocrx_word' id='word_1_58' title='bbox 890 903 1074 987; x_wconf 79' lang='lat' dir='ltr'>servit,</span> <span class='ocrx_word' id='word_1_59' title='bbox 1108 913 1166 960; x_wconf 91' lang='lat' dir='ltr'>et</span> <span class='ocrx_word' id='word_1_60' title='bbox 1200 904 1266 961; x_wconf 90' lang='lat' dir='ltr'>fit</span> <span class='ocrx_word' id='word_1_61' title='bbox 1304 904 1448 961; x_wconf 90' lang='lat' dir='ltr'>nihil</span> <span class='ocrx_word' id='word_1_62' title='bbox 1471 925 1487 976; x_wconf 80' lang='lat'>3</span> <span class='ocrx_word' id='word_1_63' title='bbox 1532 905 1576 962; x_wconf 93' lang='lat' dir='ltr'>it</span> <span class='ocrx_word' id='word_1_64' title='bbox 1605 904 1751 977; x_wconf 88' lang='lat' dir='ltr'>dies,</span> <span class='ocrx_word' id='word_1_65' title='bbox 1783 917 1843 964; x_wconf 91' lang='lat' dir='ltr'>et</span> <span class='ocrx_word' id='word_1_66' title='bbox 1872 908 2048 966; x_wconf 89' lang='lat' dir='ltr'>amici</span> 
     </span>
     <span class='ocr_line' id='line_1_8' title="bbox 134 1000 2045 1081; baseline 0.003 -25"><span class='ocrx_word' id='word_1_67' title='bbox 134 1000 279 1057; x_wconf 92' lang='lat' dir='ltr'>nulli</span> <span class='ocrx_word' id='word_1_68' title='bbox 321 1010 481 1057; x_wconf 90' lang='lat' dir='ltr'>eunt.</span> <span class='ocrx_word' id='word_1_69' title='bbox 562 1001 715 1057; x_wconf 91' lang='lat' dir='ltr'>Tum</span> <span class='ocrx_word' id='word_1_70' title='bbox 759 1000 852 1057; x_wconf 91' lang='lat' dir='ltr'>ille</span> <span class='ocrx_word' id='word_1_71' title='bbox 892 1019 1116 1058; x_wconf 91' lang='lat' dir='ltr'>rursum</span> <span class='ocrx_word' id='word_1_72' title='bbox 1156 1000 1232 1059; x_wconf 90' lang='lat' dir='ltr'>ad</span> <span class='ocrx_word' id='word_1_73' title='bbox 1274 1001 1457 1058; x_wconf 89' lang='lat' dir='ltr'>filium</span> <span class='ocrx_word' id='word_1_74' title='bbox 1487 1002 1714 1059; x_wconf 90' lang='lat' dir='ltr'>‘Amici</span> <span class='ocrx_word' id='word_1_75' title='bbox 1754 1004 1847 1062; x_wconf 90' lang='lat' dir='ltr'>isti</span> <span class='ocrx_word' id='word_1_76' title='bbox 1887 1023 2045 1081; x_wconf 86' lang='lat' dir='ltr'>mag-</span> 
     </span>
     <span class='ocr_line' id='line_1_9' title="bbox 135 1097 2045 1175; baseline 0.003 -20"><span class='ocrx_word' id='word_1_77' title='bbox 135 1115 275 1155; x_wconf 90' lang='lat' dir='ltr'>nam</span> <span class='ocrx_word' id='word_1_78' title='bbox 310 1107 542 1173; x_wconf 89' lang='lat' dir='ltr'>partem</span> <span class='ocrx_word' id='word_1_79' title='bbox 563 1098 577 1124; x_wconf 89' lang='lat'>’</span> <span class='ocrx_word' id='word_1_80' title='bbox 607 1097 797 1173; x_wconf 93' lang='lat' dir='ltr'>inquit</span> <span class='ocrx_word' id='word_1_81' title='bbox 825 1102 1188 1156; x_wconf 87' lang='lat' dir='ltr'>‘cessatores</span> <span class='ocrx_word' id='word_1_82' title='bbox 1225 1108 1378 1156; x_wconf 90' lang='lat' dir='ltr'>sunt.</span> <span class='ocrx_word' id='word_1_83' title='bbox 1464 1100 1623 1173; x_wconf 87' lang='lat' dir='ltr'>Quin</span> <span class='ocrx_word' id='word_1_84' title='bbox 1661 1102 1856 1175; x_wconf 89' lang='lat' dir='ltr'>potius</span> <span class='ocrx_word' id='word_1_85' title='bbox 1894 1102 2045 1162; x_wconf 91' lang='lat' dir='ltr'>imus</span> 
     </span>
    </p>

    <p class='ocr_par' dir='ltr' id='par_1_3' title="bbox 127 1194 2204 2915">
     <span class='ocr_line' id='line_1_10' title="bbox 136 1194 2045 1276; baseline 0.003 -23"><span class='ocrx_word' id='word_1_86' title='bbox 136 1203 198 1253; x_wconf 90' lang='lat' dir='ltr'>et</span> <span class='ocrx_word' id='word_1_87' title='bbox 240 1205 528 1270; x_wconf 87' lang='lat' dir='ltr'>cognatos</span> <span class='ocrx_word' id='word_1_88' title='bbox 574 1194 919 1270; x_wconf 87' lang='lat' dir='ltr'>adfinesque</span> <span class='ocrx_word' id='word_1_89' title='bbox 975 1207 1207 1254; x_wconf 90' lang='lat' dir='ltr'>nostros</span> <span class='ocrx_word' id='word_1_90' title='bbox 1264 1215 1514 1267; x_wconf 87' lang='lat' dir='ltr'>oramus,</span> <span class='ocrx_word' id='word_1_91' title='bbox 1559 1199 1858 1276; x_wconf 26' lang='lat' dir='ltr'>utkassint</span> <span class='ocrx_word' id='word_1_92' title='bbox 1916 1218 2045 1259; x_wconf 85' lang='lat' dir='ltr'>cras</span> 
     </span>
     <span class='ocr_line' id='line_1_11' title="bbox 135 1280 2145 1371; baseline 0.003 -20"><span class='ocrx_word' id='word_1_93' title='bbox 135 1293 397 1368; x_wconf 88' lang='lat' dir='ltr'>tempori</span> <span class='ocrx_word' id='word_1_94' title='bbox 452 1292 530 1352; x_wconf 84' lang='lat' dir='ltr'>ad</span> <span class='ocrx_word' id='word_1_95' title='bbox 586 1280 1018 1351; x_wconf 77' lang='lat' dir='ltr'>metendum?’</span> <span class='ocrx_word' id='word_1_96' title='bbox 1112 1294 1332 1368; x_wconf 85' lang='lat' dir='ltr'>Itidem</span> <span class='ocrx_word' id='word_1_97' title='bbox 1389 1295 1524 1353; x_wconf 77' lang='lat' dir='ltr'>hoc’</span> <span class='ocrx_word' id='word_1_98' title='bbox 1561 1296 1702 1370; x_wconf 90' lang='lat' dir='ltr'>pulli</span> <span class='ocrx_word' id='word_1_99' title='bbox 1758 1298 2050 1371; x_wconf 87' lang='lat' dir='ltr'>pavefacti</span> <span class='ocrx_word' id='word_1_100' title='bbox 2095 1326 2145 1357; x_wconf 82' lang='grc' dir='ltr'>ιο</span> 
     </span>
     <span class='ocr_line' id='line_1_12' title="bbox 137 1390 2044 1469; baseline 0.004 -22"><span class='ocrx_word' id='word_1_101' title='bbox 137 1391 310 1448; x_wconf 86' lang='lat' dir='ltr'>matri</span> <span class='ocrx_word' id='word_1_102' title='bbox 367 1390 653 1448; x_wconf 91' lang='lat' dir='ltr'>nuntiant.</span> <span class='ocrx_word' id='word_1_103' title='bbox 750 1392 946 1449; x_wconf 84' lang='lat' dir='ltr'>Mater</span> <span class='ocrx_word' id='word_1_104' title='bbox 993 1392 1277 1464; x_wconf 87' lang='lat' dir='ltr'><strong>hortatur,</strong></span> <span class='ocrx_word' id='word_1_105' title='bbox 1326 1403 1390 1450; x_wconf 90' lang='lat' dir='ltr'>ut</span> <span class='ocrx_word' id='word_1_106' title='bbox 1447 1402 1571 1450; x_wconf 92' lang='lat' dir='ltr'>tum</span> <span class='ocrx_word' id='word_1_107' title='bbox 1627 1412 1862 1469; x_wconf 90' lang='lat' dir='ltr'>quoque</span> <span class='ocrx_word' id='word_1_108' title='bbox 1919 1397 2044 1455; x_wconf 90' lang='lat' dir='ltr'>sine</span> 
     </span>
     <span class='ocr_line' id='line_1_13' title="bbox 134 1488 2044 1587; baseline 0.004 -42"><span class='ocrx_word' id='word_1_109' title='bbox 134 1498 302 1546; x_wconf 90' lang='lat' dir='ltr'>metu</span> <span class='ocrx_word' id='word_1_110' title='bbox 338 1507 407 1546; x_wconf 89' lang='lat' dir='ltr'>ac</span> <span class='ocrx_word' id='word_1_111' title='bbox 444 1488 567 1546; x_wconf 89' lang='lat' dir='ltr'>sine</span> <span class='ocrx_word' id='word_1_112' title='bbox 604 1506 742 1546; x_wconf 91' lang='lat' dir='ltr'>cura</span> <span class='ocrx_word' id='word_1_113' title='bbox 774 1490 907 1587; x_wconf 64' lang='lat' dir='ltr'>sint,</span> <span class='ocrx_word' id='word_1_114' title='bbox 940 1500 1224 1565; x_wconf 75' lang='lat' dir='ltr'>cognatos</span> <span class='ocrx_word' id='word_1_115' title='bbox 1260 1490 1603 1565; x_wconf 85' lang='lat' dir='ltr'>adfinesque</span> <span class='ocrx_word' id='word_1_116' title='bbox 1639 1493 1826 1550; x_wconf 92' lang='lat' dir='ltr'>nullos</span> <span class='ocrx_word' id='word_1_117' title='bbox 1861 1493 2044 1553; x_wconf 87' lang='lat' dir='ltr'>ferme</span> 
     </span>
     <span class='ocr_line' id='line_1_14' title="bbox 132 1574 2045 1664; baseline 0.003 -19"><span class='ocrx_word' id='word_1_118' title='bbox 132 1574 257 1645; x_wconf 75' lang='lat' dir='ltr'>tain</span> <span class='ocrx_word' id='word_1_119' title='bbox 310 1600 437 1644; x_wconf 90' lang='lat' dir='ltr'>esse</span> <span class='ocrx_word' id='word_1_120' title='bbox 483 1586 878 1661; x_wconf 87' lang='lat' dir='ltr'>obsequibiles</span> <span class='ocrx_word' id='word_1_121' title='bbox 925 1587 1022 1658; x_wconf 89' lang='lat' dir='ltr'>ait,</span> <span class='ocrx_word' id='word_1_122' title='bbox 1070 1597 1134 1645; x_wconf 96' lang='lat' dir='ltr'>ut</span> <span class='ocrx_word' id='word_1_123' title='bbox 1178 1588 1255 1647; x_wconf 89' lang='lat' dir='ltr'>ad</span> <span class='ocrx_word' id='word_1_124' title='bbox 1301 1588 1562 1646; x_wconf 88' lang='lat' dir='ltr'>laborem</span> <span class='ocrx_word' id='word_1_125' title='bbox 1614 1591 2045 1664; x_wconf 89' lang='lat' dir='ltr'>capessendum</span> 
     </span>
     <span class='ocr_line' id='line_1_15' title="bbox 131 1684 2044 1748; baseline 0.003 -5"><span class='ocrx_word' id='word_1_126' title='bbox 131 1684 280 1743; x_wconf 91' lang='lat' dir='ltr'>nihil</span> <span class='ocrx_word' id='word_1_127' title='bbox 317 1694 667 1741; x_wconf 91' lang='lat' dir='ltr'>cunctentur</span> <span class='ocrx_word' id='word_1_128' title='bbox 702 1694 760 1742; x_wconf 92' lang='lat' dir='ltr'>et</span> <span class='ocrx_word' id='word_1_129' title='bbox 801 1685 997 1742; x_wconf 88' lang='lat' dir='ltr'>statim</span> <span class='ocrx_word' id='word_1_130' title='bbox 1033 1684 1197 1743; x_wconf 90' lang='lat' dir='ltr'>dicto</span> <span class='ocrx_word' id='word_1_131' title='bbox 1233 1685 1591 1744; x_wconf 85' lang='lat' dir='ltr'>oboediant.</span> <span class='ocrx_word' id='word_1_132' title='bbox 1640 1688 1796 1745; x_wconf 87' lang='lat' dir='ltr'>‘Vos</span> <span class='ocrx_word' id='word_1_133' title='bbox 1827 1688 2044 1748; x_wconf 84' lang='lat' dir='ltr'>modo’</span> 
     </span>
     <span class='ocr_line' id='line_1_16' title="bbox 130 1781 2204 1863; baseline 0.003 -23"><span class='ocrx_word' id='word_1_134' title='bbox 130 1782 326 1857; x_wconf 91' lang='lat' dir='ltr'>inquit</span> <span class='ocrx_word' id='word_1_135' title='bbox 356 1786 371 1812; x_wconf 93' lang='lat'>‘</span> <span class='ocrx_word' id='word_1_136' title='bbox 391 1781 695 1853; x_wconf 87' lang='lat' dir='ltr'>advertite,</span> <span class='ocrx_word' id='word_1_137' title='bbox 728 1782 776 1840; x_wconf 91' lang='lat' dir='ltr'>si</span> <span class='ocrx_word' id='word_1_138' title='bbox 807 1781 987 1841; x_wconf 91' lang='lat' dir='ltr'>modo</span> <span class='ocrx_word' id='word_1_139' title='bbox 1018 1783 1161 1857; x_wconf 91' lang='lat' dir='ltr'>quid</span> <span class='ocrx_word' id='word_1_140' title='bbox 1192 1783 1390 1842; x_wconf 90' lang='lat' dir='ltr'>denuo</span> <span class='ocrx_word' id='word_1_141' title='bbox 1422 1783 1687 1843; x_wconf 89' lang='lat' dir='ltr'>dicetur.’</span> <span class='ocrx_word' id='word_1_142' title='bbox 1759 1786 1888 1844; x_wconf 88' lang='lat' dir='ltr'>Alia</span> <span class='ocrx_word' id='word_1_143' title='bbox 1917 1788 2049 1847; x_wconf 90' lang='lat' dir='ltr'>luce</span> <span class='ocrx_word' id='word_1_144' title='bbox 2093 1815 2142 1863; x_wconf 80' lang='lat'>15</span> <span class='ocrx_word' id='word_1_145' title='bbox 2197 1827 2204 1832; x_wconf 89' lang='lat'>-</span> 
     </span>
     <span class='ocr_line' id='line_1_17' title="bbox 131 1879 2045 1956; baseline 0.003 -18"><span class='ocrx_word' id='word_1_146' title='bbox 131 1891 264 1938; x_wconf 91' lang='lat' dir='ltr'>orta</span> <span class='ocrx_word' id='word_1_147' title='bbox 314 1880 434 1938; x_wconf 92' lang='lat' dir='ltr'>avis</span> <span class='ocrx_word' id='word_1_148' title='bbox 484 1879 545 1937; x_wconf 92' lang='lat' dir='ltr'>in</span> <span class='ocrx_word' id='word_1_149' title='bbox 593 1889 827 1955; x_wconf 88' lang='lat' dir='ltr'>pastum</span> <span class='ocrx_word' id='word_1_150' title='bbox 876 1880 1145 1955; x_wconf 87' lang='lat' dir='ltr'>profecta</span> <span class='ocrx_word' id='word_1_151' title='bbox 1196 1891 1366 1939; x_wconf 50' lang='lat' dir='ltr'>estne</span> <span class='ocrx_word' id='word_1_152' title='bbox 1408 1882 1662 1956; x_wconf 81' lang='lat' dir='ltr'>Cognati</span> <span class='ocrx_word' id='word_1_153' title='bbox 1710 1894 1770 1941; x_wconf 91' lang='lat' dir='ltr'>et</span> <span class='ocrx_word' id='word_1_154' title='bbox 1819 1885 2045 1943; x_wconf 87' lang='lat' dir='ltr'>adfines</span> 
     </span>
     <span class='ocr_line' id='line_1_18' title="bbox 131 1976 2043 2059; baseline 0.002 -22"><span class='ocrx_word' id='word_1_155' title='bbox 131 1996 402 2053; x_wconf 90' lang='lat' dir='ltr'>operam,</span> <span class='ocrx_word' id='word_1_156' title='bbox 432 1995 609 2053; x_wconf 86' lang='lat' dir='ltr'>quam</span> <span class='ocrx_word' id='word_1_157' title='bbox 640 1976 780 2035; x_wconf 88' lang='lat' dir='ltr'>dare</span> <span class='ocrx_word' id='word_1_158' title='bbox 811 1978 997 2053; x_wconf 87' lang='lat' dir='ltr'>rogati</span> <span class='ocrx_word' id='word_1_159' title='bbox 1027 1988 1178 2049; x_wconf 90' lang='lat' dir='ltr'>sunt,</span> <span class='ocrx_word' id='word_1_160' title='bbox 1203 1978 1675 2054; x_wconf 87' lang='lat' dir='ltr'>supersederunt.</span> <span class='ocrx_word' id='word_1_161' title='bbox 1760 1982 1854 2039; x_wconf 86' lang='lat' dir='ltr'>Ad</span> <span class='ocrx_word' id='word_1_162' title='bbox 1885 1995 2043 2059; x_wconf 89' lang='lat' dir='ltr'>post·</span> 
     </span>
     <span class='ocr_line' id='line_1_19' title="bbox 130 2062 2043 2151; baseline 0.003 -17"><span class='ocrx_word' id='word_1_163' title='bbox 130 2094 365 2134; x_wconf 90' lang='lat' dir='ltr'>remum</span> <span class='ocrx_word' id='word_1_164' title='bbox 404 2075 578 2150; x_wconf 90' lang='lat' dir='ltr'>igitur</span> <span class='ocrx_word' id='word_1_165' title='bbox 615 2075 891 2133; x_wconf 89' lang='lat' dir='ltr'>dominus</span> <span class='ocrx_word' id='word_1_166' title='bbox 929 2076 1050 2133; x_wconf 86' lang='lat' dir='ltr'>filio</span> <span class='ocrx_word' id='word_1_167' title='bbox 1087 2062 1403 2134; x_wconf 69' lang='lat' dir='ltr'>‘Valeanf’</span> <span class='ocrx_word' id='word_1_168' title='bbox 1440 2078 1627 2151; x_wconf 90' lang='lat' dir='ltr'>inquit</span> <span class='ocrx_word' id='word_1_169' title='bbox 1661 2080 1872 2138; x_wconf 87' lang='lat' dir='ltr'>‘amici</span> <span class='ocrx_word' id='word_1_170' title='bbox 1906 2100 2043 2139; x_wconf 86' lang='lat' dir='ltr'>cum</span> 
     </span>
     <span class='ocr_line' id='line_1_20' title="bbox 129 2160 2044 2253; baseline 0.004 -23"><span class='ocrx_word' id='word_1_171' title='bbox 129 2173 501 2250; x_wconf 90' lang='lat' dir='ltr'>propinquis.</span> <span class='ocrx_word' id='word_1_172' title='bbox 573 2172 796 2231; x_wconf 86' lang='lat' dir='ltr'>Afferes</span> <span class='ocrx_word' id='word_1_173' title='bbox 819 2174 1012 2248; x_wconf 83' lang='lat' dir='ltr'>primo</span> <span class='ocrx_word' id='word_1_174' title='bbox 1036 2160 1175 2231; x_wconf 73' lang='lat' dir='ltr'>luc(</span> <span class='ocrx_word' id='word_1_175' title='bbox 1182 2174 1361 2232; x_wconf 87' lang='lat' dir='ltr'>falces</span> <span class='ocrx_word' id='word_1_176' title='bbox 1384 2160 1528 2233; x_wconf 84' lang='lat' dir='ltr'>duas</span> <span class='ocrx_word' id='word_1_177' title='bbox 1550 2196 1567 2248; x_wconf 79' lang='lat'><em>3</em></span> <span class='ocrx_word' id='word_1_178' title='bbox 1597 2194 1774 2234; x_wconf 86' lang='lat' dir='ltr'>unam</span> <span class='ocrx_word' id='word_1_179' title='bbox 1804 2189 2044 2253; x_wconf 90' lang='lat' dir='ltr'>egomet</span> 
     </span>
     <span class='ocr_line' id='line_1_21' title="bbox 131 2270 2144 2351; baseline 0.004 -23"><span class='ocrx_word' id='word_1_180' title='bbox 131 2270 281 2329; x_wconf 89' lang='lat' dir='ltr'>mihi</span> <span class='ocrx_word' id='word_1_181' title='bbox 324 2281 385 2329; x_wconf 89' lang='lat' dir='ltr'>et</span> <span class='ocrx_word' id='word_1_182' title='bbox 428 2280 488 2328; x_wconf 94' lang='lat' dir='ltr'>tu</span> <span class='ocrx_word' id='word_1_183' title='bbox 534 2271 641 2329; x_wconf 90' lang='lat' dir='ltr'>tibi</span> <span class='ocrx_word' id='word_1_184' title='bbox 683 2271 881 2346; x_wconf 86' lang='lat' dir='ltr'>capies</span> <span class='ocrx_word' id='word_1_185' title='bbox 921 2271 1165 2329; x_wconf 86' lang='lat' dir='ltr'>alteram</span> <span class='ocrx_word' id='word_1_186' title='bbox 1205 2282 1265 2330; x_wconf 89' lang='lat' dir='ltr'>et</span> <span class='ocrx_word' id='word_1_187' title='bbox 1305 2273 1659 2331; x_wconf 87' lang='lat' dir='ltr'>frumentum</span> <span class='ocrx_word' id='word_1_188' title='bbox 1698 2276 2047 2351; x_wconf 90' lang='lat' dir='ltr'>nosmetipsi</span> <span class='ocrx_word' id='word_1_189' title='bbox 2089 2297 2144 2336; x_wconf 84' lang='lat'>&#39;20</span> 
     </span>
     <span class='ocr_line' id='line_1_22' title="bbox 130 2367 2041 2447; baseline 0.003 -21"><span class='ocrx_word' id='word_1_190' title='bbox 130 2367 406 2426; x_wconf 90' lang='lat' dir='ltr'>manibus</span> <span class='ocrx_word' id='word_1_191' title='bbox 440 2368 651 2426; x_wconf 91' lang='lat' dir='ltr'>nostris</span> <span class='ocrx_word' id='word_1_192' title='bbox 682 2386 808 2427; x_wconf 72' lang='lat' dir='ltr'>cras</span> <span class='ocrx_word' id='word_1_193' title='bbox 840 2370 1168 2427; x_wconf 90' lang='lat' dir='ltr'>metemus.’</span> <span class='ocrx_word' id='word_1_194' title='bbox 1257 2369 1331 2427; x_wconf 94' lang='lat' dir='ltr'>Id</span> <span class='ocrx_word' id='word_1_195' title='bbox 1369 2370 1470 2429; x_wconf 88' lang='lat' dir='ltr'>ubi</span> <span class='ocrx_word' id='word_1_196' title='bbox 1506 2390 1578 2428; x_wconf 89' lang='lat' dir='ltr'>ex</span> <span class='ocrx_word' id='word_1_197' title='bbox 1616 2372 1788 2446; x_wconf 92' lang='lat' dir='ltr'>pullis</span> <span class='ocrx_word' id='word_1_198' title='bbox 1826 2373 2041 2447; x_wconf 63' lang='lat' dir='ltr'>dixisse</span> 
     </span>
     <span class='ocr_line' id='line_1_23' title="bbox 131 2464 2043 2543; baseline 0.003 -18"><span class='ocrx_word' id='word_1_199' title='bbox 131 2464 446 2525; x_wconf 92' lang='lat' dir='ltr'>dominum</span> <span class='ocrx_word' id='word_1_200' title='bbox 476 2475 664 2523; x_wconf 89' lang='lat' dir='ltr'>mater</span> <span class='ocrx_word' id='word_1_201' title='bbox 693 2466 931 2537; x_wconf 92' lang='lat' dir='ltr'>audivit,</span> <span class='ocrx_word' id='word_1_202' title='bbox 958 2471 973 2497; x_wconf 88' lang='lat'>‘</span> <span class='ocrx_word' id='word_1_203' title='bbox 992 2467 1292 2541; x_wconf 90' lang='lat' dir='ltr'>Tempus&#39;</span> <span class='ocrx_word' id='word_1_204' title='bbox 1324 2468 1513 2543; x_wconf 92' lang='lat' dir='ltr'>inquit</span> <span class='ocrx_word' id='word_1_205' title='bbox 1542 2473 1558 2499; x_wconf 90' lang='lat'>‘</span> <span class='ocrx_word' id='word_1_206' title='bbox 1580 2479 1667 2527; x_wconf 89' lang='lat' dir='ltr'>est</span> <span class='ocrx_word' id='word_1_207' title='bbox 1696 2470 1952 2529; x_wconf 91' lang='lat' dir='ltr'>cedendi</span> <span class='ocrx_word' id='word_1_208' title='bbox 1982 2482 2043 2530; x_wconf 91' lang='lat' dir='ltr'>et</span> 
     </span>
     <span class='ocr_line' id='line_1_24' title="bbox 129 2561 2043 2639; baseline 0.003 -17"><span class='ocrx_word' id='word_1_209' title='bbox 129 2563 392 2622; x_wconf 88' lang='lat' dir='ltr'>abeundi</span> <span class='ocrx_word' id='word_1_210' title='bbox 415 2584 431 2635; x_wconf 90' lang='lat'>;</span> <span class='ocrx_word' id='word_1_211' title='bbox 476 2563 578 2620; x_wconf 90' lang='lat' dir='ltr'>fiet</span> <span class='ocrx_word' id='word_1_212' title='bbox 606 2581 762 2620; x_wconf 91' lang='lat' dir='ltr'>nunc</span> <span class='ocrx_word' id='word_1_213' title='bbox 791 2563 975 2622; x_wconf 90' lang='lat' dir='ltr'>dubio</span> <span class='ocrx_word' id='word_1_214' title='bbox 1005 2565 1209 2639; x_wconf 90' lang='lat' dir='ltr'>procul</span> <span class='ocrx_word' id='word_1_215' title='bbox 1239 2566 1402 2639; x_wconf 91' lang='lat' dir='ltr'>quod</span> <span class='ocrx_word' id='word_1_216' title='bbox 1432 2566 1690 2624; x_wconf 89' lang='lat' dir='ltr'>futurum</span> <span class='ocrx_word' id='word_1_217' title='bbox 1721 2561 1884 2626; x_wconf 75' lang='lat' dir='ltr'>dixit.</span> <span class='ocrx_word' id='word_1_218' title='bbox 1970 2571 2043 2627; x_wconf 91' lang='lat' dir='ltr'>In</span> 
     </span>
     <span class='ocr_line' id='line_1_25' title="bbox 129 2661 2040 2738; baseline 0.003 -19"><span class='ocrx_word' id='word_1_219' title='bbox 129 2661 262 2738; x_wconf 91' lang='lat' dir='ltr'>ipso</span> <span class='ocrx_word' id='word_1_220' title='bbox 311 2661 468 2718; x_wconf 91' lang='lat' dir='ltr'>enim</span> <span class='ocrx_word' id='word_1_221' title='bbox 517 2661 633 2718; x_wconf 87' lang='lat' dir='ltr'>iam</span> <span class='ocrx_word' id='word_1_222' title='bbox 679 2662 920 2719; x_wconf 90' lang='lat' dir='ltr'>vertitur</span> <span class='ocrx_word' id='word_1_223' title='bbox 965 2662 1097 2719; x_wconf 90' lang='lat' dir='ltr'>cuia</span> <span class='ocrx_word' id='word_1_224' title='bbox 1141 2680 1232 2720; x_wconf 90' lang='lat' dir='ltr'>res</span> <span class='ocrx_word' id='word_1_225' title='bbox 1280 2672 1386 2734; x_wconf 90' lang='lat' dir='ltr'>est,</span> <span class='ocrx_word' id='word_1_226' title='bbox 1434 2675 1552 2721; x_wconf 86' lang='lat' dir='ltr'>non</span> <span class='ocrx_word' id='word_1_227' title='bbox 1599 2665 1659 2721; x_wconf 91' lang='lat' dir='ltr'>in</span> <span class='ocrx_word' id='word_1_228' title='bbox 1703 2666 1835 2737; x_wconf 90' lang='lat' dir='ltr'>ali0‚</span> <span class='ocrx_word' id='word_1_229' title='bbox 1883 2667 2040 2725; x_wconf 93' lang='lat' dir='ltr'>unde</span> 
     </span>
     <span class='ocr_line' id='line_1_26' title="bbox 127 2758 2137 2839; baseline 0.003 -22"><span class='ocrx_word' id='word_1_230' title='bbox 127 2759 392 2834; x_wconf 89' lang='lat' dir='ltr'>petitur.&#39;</span> <span class='ocrx_word' id='word_1_231' title='bbox 502 2761 696 2833; x_wconf 93' lang='lat' dir='ltr'>Atque</span> <span class='ocrx_word' id='word_1_232' title='bbox 753 2758 833 2816; x_wconf 88' lang='lat' dir='ltr'>ita</span> <span class='ocrx_word' id='word_1_233' title='bbox 887 2759 1100 2817; x_wconf 89' lang='lat' dir='ltr'>cassita</span> <span class='ocrx_word' id='word_1_234' title='bbox 1160 2759 1369 2817; x_wconf 87' lang='lat' dir='ltr'>nidum</span> <span class='ocrx_word' id='word_1_235' title='bbox 1437 2762 1740 2837; x_wconf 85' lang='lat' dir='ltr'>migravit,·</span> <span class='ocrx_word' id='word_1_236' title='bbox 1780 2782 1947 2839; x_wconf 88' lang='lat' dir='ltr'>seges</span> <span class='ocrx_word' id='word_1_237' title='bbox 2011 2784 2046 2822; x_wconf 88' lang='lat' dir='ltr'>a</span> <span class='ocrx_word' id='word_1_238' title='bbox 2086 2791 2137 2838; x_wconf 84' lang='lat'>²5</span> 
     </span>
     <span class='ocr_line' id='line_1_27' title="bbox 127 2856 844 2915; baseline -0.001 0"><span class='ocrx_word' id='word_1_239' title='bbox 127 2856 381 2915; x_wconf 91' lang='lat' dir='ltr'>domino</span> <span class='ocrx_word' id='word_1_240' title='bbox 422 2856 697 2914; x_wconf 88' lang='lat' dir='ltr'>demessa</span> <span class='ocrx_word' id='word_1_241' title='bbox 737 2866 844 2914; x_wconf 89' lang='lat' dir='ltr'>est.</span> 
     </span>
    </p>
   </div>
   <div class='ocr_carea' id='block_1_3' title="bbox 127 3028 2039 3310">
    <p class='ocr_par' dir='ltr' id='par_1_4' title="bbox 214 3028 1941 3089">
     <span class='ocr_line' id='line_1_28' title="bbox 214 3028 1941 3089; baseline 0.003 -17"><span class='ocrx_word' id='word_1_242' title='bbox 214 3043 261 3086; x_wconf 88' lang='lat'>4.</span> <span class='ocrx_word' id='word_1_243' title='bbox 293 3028 485 3086; x_wconf 83' lang='lat' dir='ltr'>Inquit:</span> <span class='ocrx_word' id='word_1_244' title='bbox 519 3041 586 3074; x_wconf 87' lang='lat' dir='ltr'>sc.</span> <span class='ocrx_word' id='word_1_245' title='bbox 607 3030 822 3086; x_wconf 84' lang='lat' dir='ltr'>Aesopus.</span> <span class='ocrx_word' id='word_1_246' title='bbox 1197 3033 1265 3076; x_wconf 87' lang='lat'>18.</span> <span class='ocrx_word' id='word_1_247' title='bbox 1311 3030 1534 3078; x_wconf 84' lang='lat' dir='ltr'>Valeant:</span> <span class='ocrx_word' id='word_1_248' title='bbox 1572 3033 1582 3052; x_wconf 89' lang='lat'>‘</span> <span class='ocrx_word' id='word_1_249' title='bbox 1595 3032 1838 3089; x_wconf 88' lang='lat' dir='ltr'>good-bye</span> <span class='ocrx_word' id='word_1_250' title='bbox 1859 3033 1941 3078; x_wconf 83' lang='lat' dir='ltr'>to.&#39;</span> 
     </span>
    </p>

    <p class='ocr_par' dir='ltr' id='par_1_5' title="bbox 127 3104 2039 3252">
     <span class='ocr_line' id='line_1_29' title="bbox 213 3104 2039 3164; baseline 0.001 -15"><span class='ocrx_word' id='word_1_251' title='bbox 213 3118 259 3160; x_wconf 89' lang='lat'>7.</span> <span class='ocrx_word' id='word_1_252' title='bbox 298 3104 529 3160; x_wconf 78' lang='lat' dir='ltr'>Magnam</span> <span class='ocrx_word' id='word_1_253' title='bbox 545 3108 731 3160; x_wconf 82' lang='lat' dir='ltr'>partem</span> <span class='ocrx_word' id='word_1_254' title='bbox 763 3136 774 3149; x_wconf 92' lang='lat'>.</span> <span class='ocrx_word' id='word_1_255' title='bbox 806 3137 818 3149; x_wconf 92' lang='lat'>.</span> <span class='ocrx_word' id='word_1_256' title='bbox 849 3136 862 3149; x_wconf 88' lang='lat'>.</span> <span class='ocrx_word' id='word_1_257' title='bbox 891 3116 1035 3148; x_wconf 86' lang='lat' dir='ltr'>cessa·</span> <span class='ocrx_word' id='word_1_258' title='bbox 1193 3119 1265 3162; x_wconf 86' lang='lat'>23.</span> <span class='ocrx_word' id='word_1_259' title='bbox 1297 3105 1452 3149; x_wconf 82' lang='lat' dir='ltr'><em>Dubio</em></span> <span class='ocrx_word' id='word_1_260' title='bbox 1516 3106 1690 3164; x_wconf 85' lang='lat' dir='ltr'>procul</span> <span class='ocrx_word' id='word_1_261' title='bbox 1711 3121 1729 3150; x_wconf 92' lang='lat'>.·</span> <span class='ocrx_word' id='word_1_262' title='bbox 1811 3109 1821 3127; x_wconf 86' lang='lat'>&#39;</span> <span class='ocrx_word' id='word_1_263' title='bbox 1844 3108 2039 3153; x_wconf 88' lang='lat' dir='ltr'>without</span> 
     </span>
     <span class='ocr_line' id='line_1_30' title="bbox 127 3177 1536 3252; baseline 0.001 -29"><span class='ocrx_word' id='word_1_264' title='bbox 127 3182 249 3223; x_wconf 80' lang='lat' dir='ltr'>tores</span> <span class='ocrx_word' id='word_1_265' title='bbox 266 3190 284 3224; x_wconf 89' lang='lat'>.·</span> <span class='ocrx_word' id='word_1_266' title='bbox 317 3179 327 3197; x_wconf 83' lang='lat'>⁸</span> <span class='ocrx_word' id='word_1_267' title='bbox 345 3190 459 3234; x_wconf 87' lang='lat' dir='ltr'>very</span> <span class='ocrx_word' id='word_1_268' title='bbox 478 3178 613 3234; x_wconf 77' lang='lat' dir='ltr'>tardy</span> <span class='ocrx_word' id='word_1_269' title='bbox 637 3177 840 3250; x_wconf 60' lang='lat' dir='ltr'>indeed)</span> <span class='ocrx_word' id='word_1_270' title='bbox 1136 3180 1318 3225; x_wconf 86' lang='lat' dir='ltr'>doubt.’</span> <span class='ocrx_word' id='word_1_271' title='bbox 1522 3231 1536 3252; x_wconf 44' lang='lat'><strong>⁴</strong></span> 
     </span>
    </p>

    <p class='ocr_par' dir='ltr' id='par_1_6' title="bbox 217 3252 1853 3310">
     <span class='ocr_line' id='line_1_31' title="bbox 217 3252 1853 3310; baseline 0.002 -13"><span class='ocrx_word' id='word_1_272' title='bbox 217 3255 260 3299; x_wconf 86' lang='lat'>8.</span> <span class='ocrx_word' id='word_1_273' title='bbox 298 3252 460 3310; x_wconf 81' lang='lat' dir='ltr'>Quin:</span> <span class='ocrx_word' id='word_1_274' title='bbox 489 3252 621 3308; x_wconf 81' lang='lat' dir='ltr'><strong>&#39;why</strong></span> <span class='ocrx_word' id='word_1_275' title='bbox 653 3285 664 3298; x_wconf 93' lang='lat'>.</span> <span class='ocrx_word' id='word_1_276' title='bbox 696 3284 708 3298; x_wconf 87' lang='lat'>.</span> <span class='ocrx_word' id='word_1_277' title='bbox 740 3286 751 3298; x_wconf 91' lang='lat'>.</span> <span class='ocrx_word' id='word_1_278' title='bbox 782 3253 931 3297; x_wconf 79' lang='lat' dir='ltr'>not?&#39;</span> <span class='ocrx_word' id='word_1_279' title='bbox 1192 3267 1263 3310; x_wconf 85' lang='lat'>24.</span> <span class='ocrx_word' id='word_1_280' title='bbox 1309 3254 1546 3300; x_wconf 63' lang='lat' dir='ltr'>Vertitur?</span> <span class='ocrx_word' id='word_1_281' title='bbox 1581 3254 1853 3310; x_wconf 85' lang='lat' dir='ltr'>‘depends.&#39;</span> 
     </span>
    </p>
   </div>
   <div class='ocr_carea' id='block_1_4' title="bbox 127 3327 2036 3523">
    <p class='ocr_par' dir='ltr' id='par_1_7' title="bbox 127 3327 2036 3523">
     <span class='ocr_line' id='line_1_32' title="bbox 190 3327 2036 3386; baseline 0.002 -15"><span class='ocrx_word' id='word_1_282' title='bbox 190 3341 261 3385; x_wconf 86' lang='lat'>13.</span> <span class='ocrx_word' id='word_1_283' title='bbox 302 3327 644 3384; x_wconf 80' lang='lat' dir='ltr'>Obsequibiles:</span> <span class='ocrx_word' id='word_1_284' title='bbox 678 3327 943 3384; x_wconf 52' lang='lat' dir='ltr'>‘obliginkl</span> <span class='ocrx_word' id='word_1_285' title='bbox 1193 3341 1263 3383; x_wconf 88' lang='lat'>24.</span> <span class='ocrx_word' id='word_1_286' title='bbox 1305 3328 1456 3371; x_wconf 83' lang='lat' dir='ltr'>Cuia:</span> <span class='ocrx_word' id='word_1_287' title='bbox 1497 3328 1765 3384; x_wconf 87' lang='lat' dir='ltr'>possessive</span> <span class='ocrx_word' id='word_1_288' title='bbox 1804 3328 2036 3386; x_wconf 83' lang='lat' dir='ltr'>adjective</span> 
     </span>
     <span class='ocr_line' id='line_1_33' title="bbox 190 3392 1377 3496; baseline -0.001 -49"><span class='ocrx_word' id='word_1_289' title='bbox 190 3416 258 3457; x_wconf 91' lang='lat'>17.</span> <span class='ocrx_word' id='word_1_290' title='bbox 272 3402 701 3496; x_wconf 38' lang='lat' dir='ltr'>Supezszderunt:</span> <span class='ocrx_word' id='word_1_291' title='bbox 765 3392 1033 3445; x_wconf 78' lang='lat' dir='ltr'>&#39;refrainetl</span> <span class='ocrx_word' id='word_1_292' title='bbox 1136 3400 1258 3444; x_wconf 84' lang='lat' dir='ltr'>from</span> <span class='ocrx_word' id='word_1_293' title='bbox 1283 3403 1377 3457; x_wconf 75' lang='lat' dir='ltr'>qul.</span> 
     </span>
     <span class='ocr_line' id='line_1_34' title="bbox 127 3476 282 3523; baseline -0.008 0"><span class='ocrx_word' id='word_1_294' title='bbox 127 3476 282 3523; x_wconf 55' lang='lat' dir='ltr'>stom?</span> 
     </span>
    </p>
   </div>
  </div>
 </body>
</html>
