2475 3617
441 98 525 176 36
757 97 939 179 Fifty
990 97 1242 160 Storz'es
1265 97 1452 178 from
1498 95 1721 158 Aulus
1773 95 2030 158 Gellius

436 292 698 368 dumque
755 293 833 351 ad
888 293 1104 351 bestias
1161 292 1399 350 curavit.
1515 292 1806 367 Intellego
1865 292 2097 348 autem'
2155 291 2353 366 inquit
2441 239 2457 334 ⁴

438 391 630 448 ‘hunc
670 409 916 466 ‚quoque
966 390 1222 462 leonem,
1268 408 1363 447 me
1414 399 1555 450 tunc
1598 399 1870 464 separato
1913 398 2173 464 captum,
2217 407 2350 464 gra-
2434 443 2437 445 ,

437 489 578 548 tiam
622 488 764 546 mihi
807 506 963 545 nunc
1006 488 1281 547 beneficii
1324 497 1383 546 et
1425 487 1758 545 medicinae
1801 487 2055 545 referre.‘
2441 437 2457 508 Ἰ

519 588 695 644 Haec
744 586 940 661 Apion
988 585 1203 643 dixisse
1254 584 1617 643 Androclum
1669 583 1866 655 tradit,
1915 602 2103 659 eaque
2148 584 2356 642 omnia

342 709 359 722 ·
435 684 654 759 scripta
716 684 1179 758 circumlataque
1243 683 1442 742 tabula
1503 682 1728 758 populo
1791 681 2110 754 declarata,
2168 691 2352 755 atque

438 780 578 839 ideo
627 782 854 839 cunctis
903 781 1241 855 petentibus
1291 780 1598 838 dimissum
1641 778 2006 837 Androclum
2050 788 2110 837 et
2152 796 2354 854 poena

418 878 693 946 ‚solutum
731 879 1085 953 leonemque
1122 879 1177 935 ei
1216 878 1499 953 suffragiis
1536 877 1743 952 populi
1778 875 2084 935 donatum.
2171 880 2186 906 ‘
2209 878 2352 934 Pos-

416 978 570 1034 1tea‘
600 976 789 1051 inquit
818 976 1192 1034 ‘videbamus
1230 975 1593 1033 Androclum
1634 985 1693 1033 et
1731 975 1989 1046 leonem,
2019 974 2147 1032 loro
2188 973 2355 1032 tenui

437 1073 781 1145 revinctum,
834 1074 976 1131 urbe
1026 1083 1151 1131 tota
1198 1074 1423 1130 circum
1472 1072 1745 1130 tabernas
1794 1072 1896 1142 ire,
1948 1070 2158 1129 donari
2213 1089 2352 1129 aere

343 1198 395 1228 10
436 1170 821 1242 Androclum,
859 1170 1094 1229 floribus
1131 1170 1326 1245 spargi
1360 1170 1615 1241 leonem,
1646 1187 1855 1227 omnes
1887 1169 2106 1244 ubique
2143 1168 2354 1227 obvios

346 2012 394 2061 ι5

344 2503 399 2533 20
441 2475 744 2550 republica
797 2493 934 2532 cum
992 2474 1155 2544 Iove,
1213 2472 1664 2548 aeditumosque
1721 2473 1845 2531 eius
1907 2474 2115 2548 templi
2172 2492 2360 2550 saepe

441 1268 678 1326 dicere:
754 1273 768 1298 ‘
789 1269 908 1325 Hic
969 1278 1058 1326 est
1111 1267 1206 1326 leo
1263 1267 1479 1343 hospes
1534 1267 1808 1338 hominis,
1865 1266 1964 1324 hic
2020 1275 2112 1324 est
2166 1265 2354 1324 homo

441 1365 709 1424 medicus
757 1364 981 1424 leonis!

1055 1649 1062 1660 ,
1097 1590 1219 1645 25.
1276 1589 1365 1656 (N.
1399 1594 1459 1641 A.
1494 1592 1585 1640 v1.
1621 1591 1685 1656 1.)

439 1755 752 1805 Admiranda
776 1755 1023 1820 quaedam
1047 1770 1109 1803 ex
1130 1753 1394 1803 annalibus
1422 1760 1619 1818 sumpta
1643 1754 1707 1802 de
1736 1754 1790 1803 P.
1814 1752 2055 1802 Africano
2078 1754 2358 1819 superiore.

534 1891 569 1925 w*
817 1891 850 1925 ιι
1097 1890 1130 1924 ιι
1379 1889 1412 1923 ιιι
1659 1889 1692 1923 ιιι
1939 1887 1975 1923 a}
2222 1888 2258 1924 a}

522 1986 597 2045 Id
633 1987 809 2045 etiam
846 1985 1048 2044 dicere
1078 1985 1225 2046 haut
1260 1984 1440 2060 piget,
1472 1983 1634 2059 quod
1669 1983 1832 2041 idem
1867 1983 1964 2055 illi,
1996 2002 2146 2060 quos
2178 2004 2360 2060 supra
2448 1991 2457 2015 ⁴

442 2085 758 2155 nominavi,
803 2084 1005 2142 litteris
1055 2081 1480 2151 mandaverint,
1530 2081 1870 2157 Scipionem
1919 2082 2077 2139 hunc
2126 2083 2355 2141 Africa-

443 2201 585 2240 num
642 2182 960 2250 solitavisse
1017 2180 1207 2238 noctis
1259 2190 1539 2250 extrem0‚
1594 2180 1931 2255 priusquam
1982 2180 2358 2254 dilucularet,

444 2281 505 2337 in
553 2280 914 2355 Capitolium
963 2279 1249 2336 ventitare
1299 2296 1370 2334 ac
1419 2277 1619 2335 iubere
1669 2278 1884 2353 aperiri
1933 2278 2143 2335 cellam
2196 2279 2359 2337 Iovis

443 2388 620 2453 atque
670 2378 750 2436 ibi
807 2378 995 2435 solum
1045 2376 1145 2434 diu
1195 2374 1508 2446 demorari,
1561 2376 1724 2449 quasi
1783 2376 2217 2434 consultantem
2277 2375 2358 2435 de
2448 2393 2457 2416 ⁴

446 2591 571 2630 esse
622 2571 958 2643 demiratos,
1003 2571 1169 2646 quod
1214 2570 1402 2629 solum
1452 2570 1515 2628 id
1564 2571 1848 2646 temporis
1892 2571 1955 2628 in
1992 2571 2363 2647 Capitolium

444 2668 877 2745 ingredientem
936 2687 1114 2727 canes
1168 2686 1404 2743 semper
1457 2667 1519 2724 in
1572 2668 1717 2726 alios
1774 2668 2101 2727 saevientes
2155 2687 2362 2744 neque

446 2768 722 2825 latrarent
765 2786 899 2825 eum
944 2785 1136 2842 neque
1178 2766 1562 2824 incurrerent.
2447 2795 2457 2820 ι

508 2952 575 2996 14.
646 2940 703 2985 P.
764 2939 997 2997 Africano
1067 2937 1342 2994 superiore:
1510 2950 1576 2993 17.
1607 2939 1720 2982 Pri
1733 2952 1764 2982 u
1778 2952 1887 2996 squ
1903 2952 1990 2983 am
2032 2938 2360 2986 dilucularet,·

446 3013 611 3071 Scipio
641 3013 894 3058 Africanus
926 3012 1006 3057 the
1039 3012 1196 3056 Elder.
1449 3011 1639 3057 ‘before
1670 3013 1837 3057 dawn.'

509 3099 576 3144 15.
613 3088 737 3144 Quos
773 3092 916 3143 supra
957 3086 1241 3130 nominavi:
1286 3085 1343 3131 C.
1511 3087 1578 3132 18.
1621 3086 1796 3130 Cellam
1814 3099 1832 3132 .·
1875 3087 1982 3131 ‘the
2024 3087 2161 3131 inner
2192 3086 2362 3133 cham·

449 3160 638 3217 Oppius
669 3161 766 3204 and
795 3160 951 3219 Julius
985 3158 1220 3216 Hyginus,
1242 3159 1349 3203 who
1454 3160 1539 3204 ber
1560 3160 1614 3204 of
1636 3161 1717 3204 the
1738 3161 1941 3218 temple.'
2449 3189 2457 3222 ⁴

448 3240 594 3278 wrote
636 3233 692 3278 of
725 3234 804 3277 the
845 3232 922 3277 life
962 3233 1061 3277 and
1109 3233 1260 3276 deeds
1307 3232 1358 3276 of
1514 3248 1582 3279 20.
1602 3235 2005 3292 Aeditumosque:
2051 3235 2157 3280 ‘the
2187 3236 2363 3281 sacris-

450 3310 632 3367 Scipio.
1454 3308 1588 3361 tan5‚'
1612 3310 1622 3328 ¹
1637 3308 1941 3354 custodiansl
