<?xml version="1.0" encoding="UTF-8"?>
<!DOCTYPE html PUBLIC "-//W3C//DTD XHTML 1.0 Transitional//EN"
    "http://www.w3.org/TR/xhtml1/DTD/xhtml1-transitional.dtd">
<html xmlns="http://www.w3.org/1999/xhtml" xml:lang="en" lang="en">
 <head>
  <title>
</title>
<meta http-equiv="Content-Type" content="text/html;charset=utf-8" />
  <meta name='ocr-system' content='tesseract 3.04.00' />
  <meta name='ocr-capabilities' content='ocr_page ocr_carea ocr_par ocr_line ocrx_word'/>
</head>
<body>
  <div class='ocr_page' id='page_1' title='image "./fiftystoriesfro00gellgoog/fiftystoriesfro00gellgoog_0053.png"; bbox 0 0 2475 3617; ppageno 0'>
   <div class='ocr_carea' id='block_1_1' title="bbox 471 150 2055 235">
    <p class='ocr_par' dir='ltr' id='par_1_1' title="bbox 471 150 2055 235">
     <span class='ocr_line' id='line_1_1' title="bbox 471 150 2055 235; baseline -0.004 -19"><span class='ocrx_word' id='word_1_1' title='bbox 471 153 654 235; x_wconf 68' lang='lat' dir='ltr'>Fz&#39;ftjy</span> <span class='ocrx_word' id='word_1_2' title='bbox 701 152 953 216; x_wconf 77' lang='lat' dir='ltr'>Stories</span> <span class='ocrx_word' id='word_1_3' title='bbox 978 152 1166 233; x_wconf 83' lang='lat' dir='ltr'>from</span> <span class='ocrx_word' id='word_1_4' title='bbox 1213 150 1433 213; x_wconf 85' lang='lat' dir='ltr'>Aulus</span> <span class='ocrx_word' id='word_1_5' title='bbox 1483 150 1740 213; x_wconf 83' lang='lat' dir='ltr'><em>Gellius</em></span> <span class='ocrx_word' id='word_1_6' title='bbox 1975 164 2055 230; x_wconf 87' lang='lat'>37</span> 
     </span>
    </p>
   </div>
   <div class='ocr_carea' id='block_1_2' title="bbox 151 344 2160 1792">
    <p class='ocr_par' dir='ltr' id='par_1_2' title="bbox 151 344 2160 1792">
     <span class='ocr_line' id='line_1_2' title="bbox 239 344 2057 424; baseline -0.002 -16"><span class='ocrx_word' id='word_1_7' title='bbox 239 352 363 408; x_wconf 90' lang='lat' dir='ltr'>Has</span> <span class='ocrx_word' id='word_1_8' title='bbox 417 349 574 424; x_wconf 88' lang='lat' dir='ltr'>volgi</span> <span class='ocrx_word' id='word_1_9' title='bbox 630 348 709 407; x_wconf 92' lang='lat' dir='ltr'>de</span> <span class='ocrx_word' id='word_1_10' title='bbox 765 348 1041 423; x_wconf 86' lang='lat' dir='ltr'>Scipione</span> <span class='ocrx_word' id='word_1_11' title='bbox 1099 344 1415 422; x_wconf 87' lang='lat' dir='ltr'>opiniones</span> <span class='ocrx_word' id='word_1_12' title='bbox 1476 347 1823 405; x_wconf 86' lang='lat' dir='ltr'>confirmare</span> <span class='ocrx_word' id='word_1_13' title='bbox 1880 357 2057 422; x_wconf 90' lang='lat' dir='ltr'>atque</span> 
     </span>
     <span class='ocr_line' id='line_1_3' title="bbox 161 443 2055 524; baseline -0.003 -18"><span class='ocrx_word' id='word_1_14' title='bbox 161 448 484 524; x_wconf 87' lang='lat' dir='ltr'>approbare</span> <span class='ocrx_word' id='word_1_15' title='bbox 534 446 884 505; x_wconf 88' lang='lat' dir='ltr'>videbantur</span> <span class='ocrx_word' id='word_1_16' title='bbox 931 444 1094 502; x_wconf 92' lang='lat' dir='ltr'>dicta</span> <span class='ocrx_word' id='word_1_17' title='bbox 1142 445 1413 520; x_wconf 88' lang='lat' dir='ltr'>factaque</span> <span class='ocrx_word' id='word_1_18' title='bbox 1463 444 1587 502; x_wconf 90' lang='lat' dir='ltr'>eius</span> <span class='ocrx_word' id='word_1_19' title='bbox 1630 445 1911 520; x_wconf 87' lang='lat' dir='ltr'><strong>pleraque</strong></span> <span class='ocrx_word' id='word_1_20' title='bbox 1952 443 2055 501; x_wconf 91' lang='lat' dir='ltr'>ad·</span> 
     </span>
     <span class='ocr_line' id='line_1_4' title="bbox 162 541 2060 620; baseline -0.002 -16"><span class='ocrx_word' id='word_1_21' title='bbox 162 544 439 604; x_wconf 88' lang='lat' dir='ltr'>miranda.</span> <span class='ocrx_word' id='word_1_22' title='bbox 525 546 617 602; x_wconf 86' lang='lat' dir='ltr'>Ex</span> <span class='ocrx_word' id='word_1_23' title='bbox 644 544 856 620; x_wconf 91' lang='lat' dir='ltr'>quibus</span> <span class='ocrx_word' id='word_1_24' title='bbox 892 554 982 601; x_wconf 90' lang='lat' dir='ltr'>est</span> <span class='ocrx_word' id='word_1_25' title='bbox 1016 562 1195 600; x_wconf 90' lang='lat' dir='ltr'>unum</span> <span class='ocrx_word' id='word_1_26' title='bbox 1232 541 1659 601; x_wconf 89' lang='lat' dir='ltr'>huiuscemodi.</span> <span class='ocrx_word' id='word_1_27' title='bbox 1743 541 2060 601; x_wconf 88' lang='lat' dir='ltr'>Assidebat</span> 
     </span>
     <span class='ocr_line' id='line_1_5' title="bbox 160 640 2055 720; baseline -0.002 -19"><span class='ocrx_word' id='word_1_28' title='bbox 160 643 652 720; x_wconf 86' lang='lat' dir='ltr'>oppugnabatque</span> <span class='ocrx_word' id='word_1_29' title='bbox 710 640 999 716; x_wconf 90' lang='lat' dir='ltr'>oppidum</span> <span class='ocrx_word' id='word_1_30' title='bbox 1059 641 1122 698; x_wconf 92' lang='lat' dir='ltr'>in</span> <span class='ocrx_word' id='word_1_31' title='bbox 1184 640 1478 714; x_wconf 86' lang='lat' dir='ltr'>Hispania</span> <span class='ocrx_word' id='word_1_32' title='bbox 1539 640 1669 711; x_wconf 92' lang='lat' dir='ltr'>situ,</span> <span class='ocrx_word' id='word_1_33' title='bbox 1729 640 2055 712; x_wconf 77' lang='lat' dir='ltr'>moenibuS,</span> 
     </span>
     <span class='ocr_line' id='line_1_6' title="bbox 160 737 2156 813; baseline -0.002 -14"><span class='ocrx_word' id='word_1_34' title='bbox 160 740 560 799; x_wconf 79' lang='lat' dir='ltr'>defensoribus</span> <span class='ocrx_word' id='word_1_35' title='bbox 594 740 851 797; x_wconf 88' lang='lat' dir='ltr'>validum</span> <span class='ocrx_word' id='word_1_36' title='bbox 893 748 953 797; x_wconf 93' lang='lat' dir='ltr'>et</span> <span class='ocrx_word' id='word_1_37' title='bbox 992 738 1302 810; x_wconf 90' lang='lat' dir='ltr'>munitum,</span> <span class='ocrx_word' id='word_1_38' title='bbox 1333 756 1396 796; x_wconf 90' lang='lat' dir='ltr'>re</span> <span class='ocrx_word' id='word_1_39' title='bbox 1432 738 1610 795; x_wconf 90' lang='lat' dir='ltr'>etiam</span> <span class='ocrx_word' id='word_1_40' title='bbox 1645 737 1864 796; x_wconf 90' lang='lat' dir='ltr'>cibaria</span> <span class='ocrx_word' id='word_1_41' title='bbox 1897 739 2060 813; x_wconf 88' lang='lat' dir='ltr'>copi·</span> <span class='ocrx_word' id='word_1_42' title='bbox 2135 764 2156 810; x_wconf 86' lang='lat'><strong>5</strong></span> 
     </span>
     <span class='ocr_line' id='line_1_7' title="bbox 159 835 2057 912; baseline -0.002 -15"><span class='ocrx_word' id='word_1_43' title='bbox 159 857 342 910; x_wconf 88' lang='lat' dir='ltr'>osum,</span> <span class='ocrx_word' id='word_1_44' title='bbox 383 838 658 912; x_wconf 89' lang='lat' dir='ltr'>nullaque</span> <span class='ocrx_word' id='word_1_45' title='bbox 701 837 826 895; x_wconf 88' lang='lat' dir='ltr'>eius</span> <span class='ocrx_word' id='word_1_46' title='bbox 868 835 1141 912; x_wconf 90' lang='lat' dir='ltr'>potiundi</span> <span class='ocrx_word' id='word_1_47' title='bbox 1182 853 1319 910; x_wconf 89' lang='lat' dir='ltr'>spes</span> <span class='ocrx_word' id='word_1_48' title='bbox 1364 845 1507 907; x_wconf 90' lang='lat' dir='ltr'>erat,</span> <span class='ocrx_word' id='word_1_49' title='bbox 1550 845 1612 894; x_wconf 93' lang='lat' dir='ltr'>et</span> <span class='ocrx_word' id='word_1_50' title='bbox 1652 835 1915 909; x_wconf 85' lang='lat' dir='ltr'>quodam</span> <span class='ocrx_word' id='word_1_51' title='bbox 1959 835 2057 894; x_wconf 92' lang='lat' dir='ltr'>die</span> 
     </span>
     <span class='ocr_line' id='line_1_8' title="bbox 157 933 2055 1008; baseline -0.002 -15"><span class='ocrx_word' id='word_1_52' title='bbox 157 937 243 994; x_wconf 91' lang='lat' dir='ltr'>ius</span> <span class='ocrx_word' id='word_1_53' title='bbox 286 937 347 993; x_wconf 93' lang='lat' dir='ltr'>in</span> <span class='ocrx_word' id='word_1_54' title='bbox 379 936 584 993; x_wconf 89' lang='lat' dir='ltr'>castris</span> <span class='ocrx_word' id='word_1_55' title='bbox 622 933 836 992; x_wconf 92' lang='lat' dir='ltr'>sedens</span> <span class='ocrx_word' id='word_1_56' title='bbox 872 933 1113 992; x_wconf 89' lang='lat' dir='ltr'>dicebat</span> <span class='ocrx_word' id='word_1_57' title='bbox 1151 944 1329 1008; x_wconf 89' lang='lat' dir='ltr'>atque</span> <span class='ocrx_word' id='word_1_58' title='bbox 1373 951 1448 990; x_wconf 84' lang='lat' dir='ltr'>ex</span> <span class='ocrx_word' id='word_1_59' title='bbox 1488 951 1562 991; x_wconf 91' lang='lat' dir='ltr'>eo</span> <span class='ocrx_word' id='word_1_60' title='bbox 1604 933 1739 991; x_wconf 90' lang='lat' dir='ltr'>loco</span> <span class='ocrx_word' id='word_1_61' title='bbox 1782 933 1844 991; x_wconf 92' lang='lat' dir='ltr'>id</span> <span class='ocrx_word' id='word_1_62' title='bbox 1886 934 2055 1008; x_wconf 91' lang='lat' dir='ltr'>oppi-</span> 
     </span>
     <span class='ocr_line' id='line_1_9' title="bbox 157 1030 2057 1108; baseline -0.002 -17"><span class='ocrx_word' id='word_1_63' title='bbox 157 1034 297 1091; x_wconf 89' lang='lat' dir='ltr'>dum</span> <span class='ocrx_word' id='word_1_64' title='bbox 351 1033 559 1108; x_wconf 92' lang='lat' dir='ltr'>procul</span> <span class='ocrx_word' id='word_1_65' title='bbox 613 1032 926 1091; x_wconf 88' lang='lat' dir='ltr'>visebatur.</span> <span class='ocrx_word' id='word_1_66' title='bbox 1008 1033 1163 1089; x_wconf 92' lang='lat' dir='ltr'>Tum</span> <span class='ocrx_word' id='word_1_67' title='bbox 1221 1049 1255 1089; x_wconf 90' lang='lat' dir='ltr'>e</span> <span class='ocrx_word' id='word_1_68' title='bbox 1314 1030 1610 1102; x_wconf 85' lang='lat' dir='ltr'>militibus,</span> <span class='ocrx_word' id='word_1_69' title='bbox 1667 1030 1769 1106; x_wconf 92' lang='lat' dir='ltr'>qui</span> <span class='ocrx_word' id='word_1_70' title='bbox 1824 1031 1882 1087; x_wconf 92' lang='lat' dir='ltr'>in</span> <span class='ocrx_word' id='word_1_71' title='bbox 1934 1031 2057 1088; x_wconf 92' lang='lat' dir='ltr'>iure</span> 
     </span>
     <span class='ocr_line' id='line_1_10' title="bbox 155 1128 2057 1206; baseline -0.002 -17"><span class='ocrx_word' id='word_1_72' title='bbox 155 1131 313 1206; x_wconf 88' lang='lat' dir='ltr'>apud</span> <span class='ocrx_word' id='word_1_73' title='bbox 367 1149 506 1187; x_wconf 92' lang='lat' dir='ltr'>eum</span> <span class='ocrx_word' id='word_1_74' title='bbox 554 1130 805 1202; x_wconf 90' lang='lat' dir='ltr'>stabant,</span> <span class='ocrx_word' id='word_1_75' title='bbox 856 1129 1233 1204; x_wconf 87' lang='lat' dir='ltr'>interrogavit</span> <span class='ocrx_word' id='word_1_76' title='bbox 1287 1128 1578 1203; x_wconf 88' lang='lat' dir='ltr'>quispiam</span> <span class='ocrx_word' id='word_1_77' title='bbox 1636 1146 1709 1185; x_wconf 83' lang='lat' dir='ltr'>ex</span> <span class='ocrx_word' id='word_1_78' title='bbox 1764 1146 1947 1200; x_wconf 91' lang='lat' dir='ltr'>more,</span> <span class='ocrx_word' id='word_1_79' title='bbox 1997 1128 2057 1186; x_wconf 92' lang='lat' dir='ltr'>in</span> 
     </span>
     <span class='ocr_line' id='line_1_11' title="bbox 155 1226 2160 1304; baseline -0.001 -18"><span class='ocrx_word' id='word_1_80' title='bbox 155 1247 330 1304; x_wconf 90' lang='lat' dir='ltr'>quem</span> <span class='ocrx_word' id='word_1_81' title='bbox 375 1228 535 1286; x_wconf 91' lang='lat' dir='ltr'>diem</span> <span class='ocrx_word' id='word_1_82' title='bbox 578 1228 894 1302; x_wconf 89' lang='lat' dir='ltr'>locumque</span> <span class='ocrx_word' id='word_1_83' title='bbox 935 1227 1342 1285; x_wconf 89' lang='lat' dir='ltr'>vadimonium</span> <span class='ocrx_word' id='word_1_84' title='bbox 1383 1226 1648 1301; x_wconf 83' lang='lat' dir='ltr'>promitti</span> <span class='ocrx_word' id='word_1_85' title='bbox 1690 1226 1953 1284; x_wconf 89' lang='lat' dir='ltr'>iuberet:</span> <span class='ocrx_word' id='word_1_86' title='bbox 2002 1237 2061 1284; x_wconf 93' lang='lat' dir='ltr'>et</span> <span class='ocrx_word' id='word_1_87' title='bbox 2107 1252 2160 1283; x_wconf 81' lang='grc' dir='ltr'>ιο</span> 
     </span>
     <span class='ocr_line' id='line_1_12' title="bbox 154 1322 2057 1401; baseline -0.002 -17"><span class='ocrx_word' id='word_1_88' title='bbox 154 1326 349 1401; x_wconf 91' lang='lat' dir='ltr'>Scipio</span> <span class='ocrx_word' id='word_1_89' title='bbox 381 1344 619 1383; x_wconf 90' lang='lat' dir='ltr'>manum</span> <span class='ocrx_word' id='word_1_90' title='bbox 649 1324 724 1383; x_wconf 90' lang='lat' dir='ltr'>ad</span> <span class='ocrx_word' id='word_1_91' title='bbox 756 1326 943 1400; x_wconf 88' lang='lat' dir='ltr'>ipsam</span> <span class='ocrx_word' id='word_1_92' title='bbox 973 1324 1199 1399; x_wconf 88' lang='lat' dir='ltr'>oppidi,</span> <span class='ocrx_word' id='word_1_93' title='bbox 1229 1323 1393 1400; x_wconf 91' lang='lat' dir='ltr'>quod</span> <span class='ocrx_word' id='word_1_94' title='bbox 1429 1322 1829 1395; x_wconf 88' lang='lat' dir='ltr'>obsidebatur,</span> <span class='ocrx_word' id='word_1_95' title='bbox 1858 1341 2057 1381; x_wconf 89' lang='lat' dir='ltr'>arcem</span> 
     </span>
     <span class='ocr_line' id='line_1_13' title="bbox 153 1421 2055 1500; baseline -0.001 -19"><span class='ocrx_word' id='word_1_96' title='bbox 153 1423 536 1500; x_wconf 82' lang='lat' dir='ltr'>protendenS,</span> <span class='ocrx_word' id='word_1_97' title='bbox 568 1422 927 1481; x_wconf 91' lang='lat' dir='ltr'>‘Perendie’</span> <span class='ocrx_word' id='word_1_98' title='bbox 958 1422 1147 1498; x_wconf 91' lang='lat' dir='ltr'>inquit</span> <span class='ocrx_word' id='word_1_99' title='bbox 1186 1425 1352 1480; x_wconf 88' lang='lat' dir='ltr'>‘sese</span> <span class='ocrx_word' id='word_1_100' title='bbox 1390 1421 1598 1480; x_wconf 88' lang='lat' dir='ltr'>sistant</span> <span class='ocrx_word' id='word_1_101' title='bbox 1640 1421 1738 1479; x_wconf 93' lang='lat' dir='ltr'>illo</span> <span class='ocrx_word' id='word_1_102' title='bbox 1780 1422 1842 1478; x_wconf 92' lang='lat' dir='ltr'>in</span> <span class='ocrx_word' id='word_1_103' title='bbox 1882 1421 2055 1480; x_wconf 91' lang='lat' dir='ltr'>loc0.’</span> 
     </span>
     <span class='ocr_line' id='line_1_14' title="bbox 152 1517 2055 1596; baseline -0.002 -18"><span class='ocrx_word' id='word_1_104' title='bbox 152 1524 347 1596; x_wconf 93' lang='lat' dir='ltr'>Atque</span> <span class='ocrx_word' id='word_1_105' title='bbox 394 1521 477 1578; x_wconf 91' lang='lat' dir='ltr'>ita</span> <span class='ocrx_word' id='word_1_106' title='bbox 521 1521 776 1578; x_wconf 87' lang='lat' dir='ltr'>factum:</span> <span class='ocrx_word' id='word_1_107' title='bbox 840 1520 936 1578; x_wconf 93' lang='lat' dir='ltr'>die</span> <span class='ocrx_word' id='word_1_108' title='bbox 982 1519 1174 1590; x_wconf 91' lang='lat' dir='ltr'>terti0,</span> <span class='ocrx_word' id='word_1_109' title='bbox 1220 1519 1283 1576; x_wconf 91' lang='lat' dir='ltr'>in</span> <span class='ocrx_word' id='word_1_110' title='bbox 1326 1537 1504 1593; x_wconf 91' lang='lat' dir='ltr'>quem</span> <span class='ocrx_word' id='word_1_111' title='bbox 1551 1517 1751 1576; x_wconf 89' lang='lat' dir='ltr'>vadari</span> <span class='ocrx_word' id='word_1_112' title='bbox 1796 1519 2055 1590; x_wconf 88' lang='lat' dir='ltr'>iusserat,</span> 
     </span>
     <span class='ocr_line' id='line_1_15' title="bbox 151 1615 2057 1693; baseline -0.002 -16"><span class='ocrx_word' id='word_1_113' title='bbox 151 1617 443 1693; x_wconf 90' lang='lat' dir='ltr'>oppidum</span> <span class='ocrx_word' id='word_1_114' title='bbox 498 1629 738 1693; x_wconf 87' lang='lat' dir='ltr'>captum</span> <span class='ocrx_word' id='word_1_115' title='bbox 794 1628 885 1678; x_wconf 91' lang='lat' dir='ltr'>est</span> <span class='ocrx_word' id='word_1_116' title='bbox 939 1615 1275 1692; x_wconf 92' lang='lat' dir='ltr'>eodemque</span> <span class='ocrx_word' id='word_1_117' title='bbox 1332 1634 1406 1674; x_wconf 92' lang='lat' dir='ltr'>eo</span> <span class='ocrx_word' id='word_1_118' title='bbox 1461 1615 1560 1675; x_wconf 92' lang='lat' dir='ltr'>die</span> <span class='ocrx_word' id='word_1_119' title='bbox 1615 1615 1677 1676; x_wconf 91' lang='lat' dir='ltr'>in</span> <span class='ocrx_word' id='word_1_120' title='bbox 1737 1634 1872 1675; x_wconf 90' lang='lat' dir='ltr'>arce</span> <span class='ocrx_word' id='word_1_121' title='bbox 1934 1617 2057 1675; x_wconf 90' lang='lat' dir='ltr'>eius</span> 
     </span>
     <span class='ocr_line' id='line_1_16' title="bbox 151 1715 2155 1792; baseline -0.001 -17"><span class='ocrx_word' id='word_1_122' title='bbox 151 1715 360 1792; x_wconf 92' lang='lat' dir='ltr'>oppidi</span> <span class='ocrx_word' id='word_1_123' title='bbox 404 1716 491 1774; x_wconf 89' lang='lat' dir='ltr'>ius</span> <span class='ocrx_word' id='word_1_124' title='bbox 534 1715 700 1774; x_wconf 88' lang='lat' dir='ltr'>dixit.</span> <span class='ocrx_word' id='word_1_125' title='bbox 2107 1738 2155 1787; x_wconf 83' lang='lat'>15</span> 
     </span>
    </p>
   </div>
   <div class='ocr_carea' id='block_1_3' title="bbox 802 1922 1406 1989">
    <p class='ocr_par' dir='ltr' id='par_1_3' title="bbox 802 1922 1406 1989">
     <span class='ocr_line' id='line_1_17' title="bbox 802 1922 1406 1989; baseline -0.007 -12"><span class='ocrx_word' id='word_1_126' title='bbox 802 1922 924 1977; x_wconf 80' lang='lat'>26.</span> <span class='ocrx_word' id='word_1_127' title='bbox 977 1923 1067 1988; x_wconf 91' lang='lat' dir='ltr'>(N.</span> <span class='ocrx_word' id='word_1_128' title='bbox 1103 1926 1166 1974; x_wconf 89' lang='lat' dir='ltr'>A.</span> <span class='ocrx_word' id='word_1_129' title='bbox 1201 1924 1293 1973; x_wconf 90' lang='lat' dir='ltr'>v1.</span> <span class='ocrx_word' id='word_1_130' title='bbox 1328 1924 1406 1989; x_wconf 86' lang='lat' dir='ltr'>v.)</span> 
     </span>
    </p>
   </div>
   <div class='ocr_carea' id='block_1_4' title="bbox 468 2070 1741 2133">
    <p class='ocr_par' dir='ltr' id='par_1_4' title="bbox 468 2070 1741 2133">
     <span class='ocr_line' id='line_1_18' title="bbox 468 2070 1741 2133; baseline -0.001 -13"><span class='ocrx_word' id='word_1_131' title='bbox 468 2071 694 2120; x_wconf 89' lang='lat' dir='ltr'>Historia</span> <span class='ocrx_word' id='word_1_132' title='bbox 728 2071 792 2119; x_wconf 90' lang='lat' dir='ltr'>de</span> <span class='ocrx_word' id='word_1_133' title='bbox 828 2070 950 2118; x_wconf 90' lang='lat' dir='ltr'>Polo</span> <span class='ocrx_word' id='word_1_134' title='bbox 985 2070 1225 2118; x_wconf 89' lang='lat' dir='ltr'>histrione</span> <span class='ocrx_word' id='word_1_135' title='bbox 1260 2076 1537 2118; x_wconf 89' lang='lat' dir='ltr'>memoratu</span> <span class='ocrx_word' id='word_1_136' title='bbox 1572 2070 1741 2133; x_wconf 89' lang='lat' dir='ltr'>digna.</span> 
     </span>
    </p>
   </div>
   <div class='ocr_carea' id='block_1_5' title="bbox 149 2204 2161 2768">
    <p class='ocr_par' dir='ltr' id='par_1_5' title="bbox 149 2204 2161 2768">
     <span class='ocr_line' id='line_1_19' title="bbox 232 2204 2061 2288; baseline -0.001 -23"><span class='ocrx_word' id='word_1_137' title='bbox 232 2206 466 2265; x_wconf 92' lang='lat' dir='ltr'>Histrio</span> <span class='ocrx_word' id='word_1_138' title='bbox 500 2206 560 2263; x_wconf 91' lang='lat' dir='ltr'>in</span> <span class='ocrx_word' id='word_1_139' title='bbox 595 2215 749 2263; x_wconf 89' lang='lat' dir='ltr'>terra</span> <span class='ocrx_word' id='word_1_140' title='bbox 777 2204 1031 2288; x_wconf 82' lang='lat' dir='ltr'>Graecia</span> <span class='ocrx_word' id='word_1_141' title='bbox 1059 2204 1165 2261; x_wconf 89' lang='lat' dir='ltr'>fuit</span> <span class='ocrx_word' id='word_1_142' title='bbox 1193 2204 1349 2261; x_wconf 85' lang='lat' dir='ltr'>fama</span> <span class='ocrx_word' id='word_1_143' title='bbox 1377 2204 1612 2276; x_wconf 87' lang='lat' dir='ltr'>celebri,</span> <span class='ocrx_word' id='word_1_144' title='bbox 1644 2204 1745 2279; x_wconf 92' lang='lat' dir='ltr'>qui</span> <span class='ocrx_word' id='word_1_145' title='bbox 1773 2214 1971 2279; x_wconf 87' lang='lat' dir='ltr'>gestus</span> <span class='ocrx_word' id='word_1_146' title='bbox 2000 2214 2061 2263; x_wconf 90' lang='lat' dir='ltr'>et</span> 
     </span>
     <span class='ocr_line' id='line_1_20' title="bbox 149 2302 2059 2363; baseline -0.001 0"><span class='ocrx_word' id='word_1_147' title='bbox 149 2305 315 2363; x_wconf 88' lang='lat' dir='ltr'>vocis</span> <span class='ocrx_word' id='word_1_148' title='bbox 357 2302 705 2362; x_wconf 90' lang='lat' dir='ltr'>claritudine</span> <span class='ocrx_word' id='word_1_149' title='bbox 746 2313 805 2361; x_wconf 91' lang='lat' dir='ltr'>et</span> <span class='ocrx_word' id='word_1_150' title='bbox 837 2312 1144 2360; x_wconf 90' lang='lat' dir='ltr'>venustate</span> <span class='ocrx_word' id='word_1_151' title='bbox 1188 2302 1401 2360; x_wconf 90' lang='lat' dir='ltr'>ceteris</span> <span class='ocrx_word' id='word_1_152' title='bbox 1441 2302 1791 2360; x_wconf 89' lang='lat' dir='ltr'>antistabat:</span> <span class='ocrx_word' id='word_1_153' title='bbox 1837 2320 2059 2361; x_wconf 90' lang='lat' dir='ltr'>nomen</span> 
     </span>
     <span class='ocr_line' id='line_1_21' title="bbox 151 2399 2161 2474; baseline 0 -16"><span class='ocrx_word' id='word_1_154' title='bbox 151 2401 329 2460; x_wconf 85' lang='lat' dir='ltr'>fuisse</span> <span class='ocrx_word' id='word_1_155' title='bbox 378 2401 543 2459; x_wconf 91' lang='lat' dir='ltr'>aiunt</span> <span class='ocrx_word' id='word_1_156' title='bbox 592 2401 816 2472; x_wconf 89' lang='lat' dir='ltr'>Polum,</span> <span class='ocrx_word' id='word_1_157' title='bbox 861 2399 1193 2474; x_wconf 87' lang='lat' dir='ltr'>tragoedias</span> <span class='ocrx_word' id='word_1_158' title='bbox 1235 2409 1542 2473; x_wconf 89' lang='lat' dir='ltr'>poetarum</span> <span class='ocrx_word' id='word_1_159' title='bbox 1586 2400 1869 2458; x_wconf 89' lang='lat' dir='ltr'>nobilium</span> <span class='ocrx_word' id='word_1_160' title='bbox 1916 2401 2061 2458; x_wconf 91' lang='lat' dir='ltr'>scite</span> <span class='ocrx_word' id='word_1_161' title='bbox 2105 2427 2161 2458; x_wconf 89' lang='lat'>20</span> 
     </span>
     <span class='ocr_line' id='line_1_22' title="bbox 153 2497 2059 2574; baseline 0 -19"><span class='ocrx_word' id='word_1_162' title='bbox 153 2508 332 2574; x_wconf 90' lang='lat' dir='ltr'>atque</span> <span class='ocrx_word' id='word_1_163' title='bbox 367 2508 697 2557; x_wconf 90' lang='lat' dir='ltr'>asseverate</span> <span class='ocrx_word' id='word_1_164' title='bbox 731 2498 1009 2556; x_wconf 89' lang='lat' dir='ltr'>actitavit.</span> <span class='ocrx_word' id='word_1_165' title='bbox 1094 2498 1153 2555; x_wconf 92' lang='lat' dir='ltr'>Is</span> <span class='ocrx_word' id='word_1_166' title='bbox 1183 2497 1357 2555; x_wconf 90' lang='lat' dir='ltr'>Polus</span> <span class='ocrx_word' id='word_1_167' title='bbox 1384 2497 1556 2555; x_wconf 90' lang='lat' dir='ltr'>unice</span> <span class='ocrx_word' id='word_1_168' title='bbox 1587 2508 1847 2556; x_wconf 87' lang='lat' dir='ltr'>amatum</span> <span class='ocrx_word' id='word_1_169' title='bbox 1878 2498 2059 2555; x_wconf 90' lang='lat' dir='ltr'>filium</span> 
     </span>
     <span class='ocr_line' id='line_1_23' title="bbox 155 2595 2060 2670; baseline 0.001 -17"><span class='ocrx_word' id='word_1_170' title='bbox 155 2607 344 2655; x_wconf 89' lang='lat' dir='ltr'>morte</span> <span class='ocrx_word' id='word_1_171' title='bbox 401 2595 612 2655; x_wconf 90' lang='lat' dir='ltr'>amisit.</span> <span class='ocrx_word' id='word_1_172' title='bbox 725 2597 879 2653; x_wconf 90' lang='lat' dir='ltr'>Eum</span> <span class='ocrx_word' id='word_1_173' title='bbox 939 2596 1160 2654; x_wconf 89' lang='lat' dir='ltr'>luctum</span> <span class='ocrx_word' id='word_1_174' title='bbox 1218 2595 1497 2670; x_wconf 89' lang='lat' dir='ltr'>quoniam</span> <span class='ocrx_word' id='word_1_175' title='bbox 1558 2595 1695 2654; x_wconf 89' lang='lat' dir='ltr'>satis</span> <span class='ocrx_word' id='word_1_176' title='bbox 1751 2595 1905 2654; x_wconf 89' lang='lat' dir='ltr'>visus</span> <span class='ocrx_word' id='word_1_177' title='bbox 1971 2606 2060 2654; x_wconf 91' lang='lat' dir='ltr'>est</span> 
     </span>
     <span class='ocr_line' id='line_1_24' title="bbox 156 2692 1293 2768; baseline 0.002 -18"><span class='ocrx_word' id='word_1_178' title='bbox 156 2693 424 2766; x_wconf 86' lang='lat' dir='ltr'>eluxisse,</span> <span class='ocrx_word' id='word_1_179' title='bbox 467 2693 641 2752; x_wconf 92' lang='lat' dir='ltr'>rediit</span> <span class='ocrx_word' id='word_1_180' title='bbox 682 2692 758 2751; x_wconf 94' lang='lat' dir='ltr'>ad</span> <span class='ocrx_word' id='word_1_181' title='bbox 787 2703 1095 2768; x_wconf 87' lang='lat' dir='ltr'>quaestum</span> <span class='ocrx_word' id='word_1_182' title='bbox 1139 2694 1293 2752; x_wconf 83' lang='lat' dir='ltr'>artiS.</span> 
     </span>
    </p>
   </div>
   <div class='ocr_carea' id='block_1_6' title="bbox 153 2865 2060 3370">
    <p class='ocr_par' dir='ltr' id='par_1_6' title="bbox 153 2865 2060 2995">
     <span class='ocr_line' id='line_1_25' title="bbox 239 2865 2060 2924; baseline 0.001 -14"><span class='ocrx_word' id='word_1_183' title='bbox 239 2878 284 2923; x_wconf 89' lang='lat'>5.</span> <span class='ocrx_word' id='word_1_184' title='bbox 314 2867 386 2910; x_wconf 86' lang='lat' dir='ltr'>Re</span> <span class='ocrx_word' id='word_1_185' title='bbox 416 2900 428 2911; x_wconf 94' lang='lat'><strong>.</strong></span> <span class='ocrx_word' id='word_1_186' title='bbox 460 2899 472 2911; x_wconf 93' lang='lat'><strong>.</strong></span> <span class='ocrx_word' id='word_1_187' title='bbox 507 2899 518 2911; x_wconf 92' lang='lat'><strong>.</strong></span> <span class='ocrx_word' id='word_1_188' title='bbox 550 2866 763 2911; x_wconf 82' lang='lat' dir='ltr'>cibaria:</span> <span class='ocrx_word' id='word_1_189' title='bbox 807 2865 1056 2919; x_wconf 85' lang='lat' dir='ltr'>‘victuals,&#39;</span> <span class='ocrx_word' id='word_1_190' title='bbox 1221 2878 1288 2910; x_wconf 88' lang='lat'>12.</span> <span class='ocrx_word' id='word_1_191' title='bbox 1318 2865 1581 2911; x_wconf 79' lang='lat' dir='ltr'>Perendie:</span> <span class='ocrx_word' id='word_1_192' title='bbox 1614 2866 1723 2910; x_wconf 83' lang='lat' dir='ltr'>‘the</span> <span class='ocrx_word' id='word_1_193' title='bbox 1745 2867 1837 2924; x_wconf 87' lang='lat' dir='ltr'>day</span> <span class='ocrx_word' id='word_1_194' title='bbox 1852 2865 1971 2911; x_wconf 84' lang='lat' dir='ltr'>after</span> <span class='ocrx_word' id='word_1_195' title='bbox 1989 2872 2060 2911; x_wconf 86' lang='lat' dir='ltr'>to·</span> 
     </span>
     <span class='ocr_line' id='line_1_26' title="bbox 153 2939 1390 2995; baseline 0.001 -12"><span class='ocrx_word' id='word_1_196' title='bbox 153 2939 164 2958; x_wconf 82' lang='lat'>⁸</span> <span class='ocrx_word' id='word_1_197' title='bbox 178 2940 483 2995; x_wconf 86' lang='lat' dir='ltr'>provisions.’</span> <span class='ocrx_word' id='word_1_198' title='bbox 1159 2940 1390 2984; x_wconf 89' lang='lat' dir='ltr'>morrow.&#39;</span> 
     </span>
    </p>

    <p class='ocr_par' dir='ltr' id='par_1_7' title="bbox 155 3014 1922 3146">
     <span class='ocr_line' id='line_1_27' title="bbox 239 3014 1919 3070; baseline 0 -10"><span class='ocrx_word' id='word_1_199' title='bbox 239 3029 283 3070; x_wconf 90' lang='lat'>7.</span> <span class='ocrx_word' id='word_1_200' title='bbox 313 3015 395 3059; x_wconf 88' lang='lat' dir='ltr'>Ius</span> <span class='ocrx_word' id='word_1_201' title='bbox 425 3048 437 3059; x_wconf 97' lang='lat'><strong>.</strong></span> <span class='ocrx_word' id='word_1_202' title='bbox 469 3047 480 3059; x_wconf 88' lang='lat'><strong>.</strong></span> <span class='ocrx_word' id='word_1_203' title='bbox 513 3047 525 3058; x_wconf 94' lang='lat'><strong>.</strong></span> <span class='ocrx_word' id='word_1_204' title='bbox 557 3014 768 3059; x_wconf 78' lang='lat' dir='ltr'>dicebat:</span> <span class='ocrx_word' id='word_1_205' title='bbox 813 3015 932 3058; x_wconf 86' lang='lat' dir='ltr'>‘was</span> <span class='ocrx_word' id='word_1_206' title='bbox 973 3014 1057 3057; x_wconf 87' lang='lat' dir='ltr'>ad·</span> <span class='ocrx_word' id='word_1_207' title='bbox 1220 3026 1287 3070; x_wconf 92' lang='lat'>17.</span> <span class='ocrx_word' id='word_1_208' title='bbox 1319 3014 1597 3061; x_wconf 81' lang='lat' dir='ltr'>Histrione:</span> <span class='ocrx_word' id='word_1_209' title='bbox 1632 3014 1737 3059; x_wconf 85' lang='lat' dir='ltr'>‘the</span> <span class='ocrx_word' id='word_1_210' title='bbox 1758 3015 1919 3060; x_wconf 85' lang='lat' dir='ltr'>actor.&#39;</span> 
     </span>
     <span class='ocr_line' id='line_1_28' title="bbox 155 3088 1922 3146; baseline 0.002 -15"><span class='ocrx_word' id='word_1_211' title='bbox 155 3088 454 3146; x_wconf 86' lang='lat' dir='ltr'>ministering</span> <span class='ocrx_word' id='word_1_212' title='bbox 469 3088 667 3145; x_wconf 88' lang='lat' dir='ltr'>justice.&#39;</span> <span class='ocrx_word' id='word_1_213' title='bbox 1219 3101 1286 3145; x_wconf 92' lang='lat'>19.</span> <span class='ocrx_word' id='word_1_214' title='bbox 1318 3090 1619 3136; x_wconf 80' lang='lat' dir='ltr'>Antistabat:</span> <span class='ocrx_word' id='word_1_215' title='bbox 1652 3089 1922 3135; x_wconf 83' lang='lat' dir='ltr'>‘excelled.&#39;</span> 
     </span>
    </p>

    <p class='ocr_par' dir='ltr' id='par_1_8' title="bbox 240 3162 2055 3221">
     <span class='ocr_line' id='line_1_29' title="bbox 240 3162 2055 3221; baseline 0.002 -14"><span class='ocrx_word' id='word_1_216' title='bbox 240 3164 284 3209; x_wconf 91' lang='lat'>8.</span> <span class='ocrx_word' id='word_1_217' title='bbox 314 3164 371 3208; x_wconf 79' lang='lat' dir='ltr'>In</span> <span class='ocrx_word' id='word_1_218' title='bbox 393 3165 500 3207; x_wconf 85' lang='lat' dir='ltr'>iure</span> <span class='ocrx_word' id='word_1_219' title='bbox 517 3176 534 3209; x_wconf 94' lang='lat'>.·</span> <span class='ocrx_word' id='word_1_220' title='bbox 567 3164 641 3207; x_wconf 84' lang='lat' dir='ltr'>‘in</span> <span class='ocrx_word' id='word_1_221' title='bbox 663 3162 825 3208; x_wconf 61' lang='lat' dir='ltr'>court!</span> <span class='ocrx_word' id='word_1_222' title='bbox 1216 3176 1287 3208; x_wconf 91' lang='lat'>20.</span> <span class='ocrx_word' id='word_1_223' title='bbox 1353 3164 1477 3207; x_wconf 83' lang='lat' dir='ltr'>Scite</span> <span class='ocrx_word' id='word_1_224' title='bbox 1551 3168 1688 3221; x_wconf 82' lang='lat' dir='ltr'>atque</span> <span class='ocrx_word' id='word_1_225' title='bbox 1758 3167 2017 3208; x_wconf 77' lang='lat' dir='ltr'>asseverate</span> <span class='ocrx_word' id='word_1_226' title='bbox 2039 3176 2055 3210; x_wconf 92' lang='lat'>.·</span> 
     </span>
    </p>

    <p class='ocr_par' dir='ltr' id='par_1_9' title="bbox 153 3236 2056 3370">
     <span class='ocr_line' id='line_1_30' title="bbox 213 3236 1803 3300; baseline 0.001 -19"><span class='ocrx_word' id='word_1_227' title='bbox 213 3250 283 3283; x_wconf 90' lang='lat'>10.</span> <span class='ocrx_word' id='word_1_228' title='bbox 329 3238 652 3300; x_wconf 69' lang='lat' dir='ltr'>Vadimonium</span> <span class='ocrx_word' id='word_1_229' title='bbox 672 3251 689 3284; x_wconf 90' lang='lat'>.·</span> <span class='ocrx_word' id='word_1_230' title='bbox 723 3236 872 3291; x_wconf 83' lang='lat' dir='ltr'>‘bail,&#39;</span> <span class='ocrx_word' id='word_1_231' title='bbox 900 3249 1057 3281; x_wconf 89' lang='lat' dir='ltr'>secur·</span> <span class='ocrx_word' id='word_1_232' title='bbox 1158 3236 1385 3294; x_wconf 84' lang='lat' dir='ltr'>‘skilfully</span> <span class='ocrx_word' id='word_1_233' title='bbox 1415 3238 1512 3281; x_wconf 86' lang='lat' dir='ltr'>and</span> <span class='ocrx_word' id='word_1_234' title='bbox 1543 3237 1803 3294; x_wconf 86' lang='lat' dir='ltr'>earnestly.&#39;</span> 
     </span>
     <span class='ocr_line' id='line_1_31' title="bbox 153 3308 2056 3370; baseline 0.003 -18"><span class='ocrx_word' id='word_1_235' title='bbox 153 3308 217 3367; x_wconf 91' lang='lat' dir='ltr'>ity</span> <span class='ocrx_word' id='word_1_236' title='bbox 258 3318 307 3355; x_wconf 87' lang='lat' dir='ltr'>to</span> <span class='ocrx_word' id='word_1_237' title='bbox 349 3326 531 3370; x_wconf 84' lang='lat' dir='ltr'>appear</span> <span class='ocrx_word' id='word_1_238' title='bbox 571 3312 669 3356; x_wconf 88' lang='lat' dir='ltr'>and</span> <span class='ocrx_word' id='word_1_239' title='bbox 709 3317 961 3369; x_wconf 86' lang='lat' dir='ltr'>prosecute</span> <span class='ocrx_word' id='word_1_240' title='bbox 1002 3325 1057 3355; x_wconf 91' lang='lat' dir='ltr'>or</span> <span class='ocrx_word' id='word_1_241' title='bbox 1215 3324 1286 3368; x_wconf 88' lang='lat'>23.</span> <span class='ocrx_word' id='word_1_242' title='bbox 1314 3311 1539 3354; x_wconf 80' lang='lat' dir='ltr'>Eluxisse</span> <span class='ocrx_word' id='word_1_243' title='bbox 1561 3324 1578 3357; x_wconf 90' lang='lat'><em>:</em></span> <span class='ocrx_word' id='word_1_244' title='bbox 1632 3314 1713 3355; x_wconf 86' lang='lat' dir='ltr'>‘to</span> <span class='ocrx_word' id='word_1_245' title='bbox 1754 3310 1876 3354; x_wconf 83' lang='lat' dir='ltr'>have</span> <span class='ocrx_word' id='word_1_246' title='bbox 1915 3309 2056 3370; x_wconf 84' lang='lat' dir='ltr'>given</span> 
     </span>
    </p>
   </div>
   <div class='ocr_carea' id='block_1_7' title="bbox 153 3384 1369 3434">
    <p class='ocr_par' dir='ltr' id='par_1_10' title="bbox 153 3384 1369 3434">
     <span class='ocr_line' id='line_1_32' title="bbox 153 3384 1369 3434; baseline 0.002 -6"><span class='ocrx_word' id='word_1_247' title='bbox 153 3384 331 3431; x_wconf 87' lang='lat' dir='ltr'>defend</span> <span class='ocrx_word' id='word_1_248' title='bbox 363 3399 393 3431; x_wconf 91' lang='lat' dir='ltr'>a</span> <span class='ocrx_word' id='word_1_249' title='bbox 422 3387 530 3434; x_wconf 87' lang='lat' dir='ltr'>suit.</span> <span class='ocrx_word' id='word_1_250' title='bbox 1157 3393 1269 3431; x_wconf 88' lang='lat' dir='ltr'>vent</span> <span class='ocrx_word' id='word_1_251' title='bbox 1289 3386 1369 3431; x_wconf 87' lang='lat' dir='ltr'>to.&#39;</span> 
     </span>
    </p>
   </div>
  </div>
 </body>
</html>
