<?xml version="1.0" encoding="UTF-8"?>
<!DOCTYPE html PUBLIC "-//W3C//DTD XHTML 1.0 Transitional//EN"
    "http://www.w3.org/TR/xhtml1/DTD/xhtml1-transitional.dtd">
<html xmlns="http://www.w3.org/1999/xhtml" xml:lang="en" lang="en">
 <head>
  <title>
</title>
<meta http-equiv="Content-Type" content="text/html;charset=utf-8" />
  <meta name='ocr-system' content='tesseract 3.04.00' />
  <meta name='ocr-capabilities' content='ocr_page ocr_carea ocr_par ocr_line ocrx_word'/>
</head>
<body>
  <div class='ocr_page' id='page_1' title='image "./fiftystoriesfro00gellgoog/fiftystoriesfro00gellgoog_0020.png"; bbox 0 0 2475 3617; ppageno 0'>
   <div class='ocr_carea' id='block_1_1' title="bbox 433 149 2019 232">
    <p class='ocr_par' dir='ltr' id='par_1_1' title="bbox 433 149 2019 232">
     <span class='ocr_line' id='line_1_1' title="bbox 433 149 2019 232; baseline -0.001 -20"><span class='ocrx_word' id='word_1_1' title='bbox 433 168 478 229; x_wconf 92' lang='lat'>4</span> <span class='ocrx_word' id='word_1_2' title='bbox 747 150 933 232; x_wconf 77' lang='lat' dir='ltr'><em>Fzfly</em></span> <span class='ocrx_word' id='word_1_3' title='bbox 981 150 1231 213; x_wconf 81' lang='lat' dir='ltr'><strong>Stories</strong></span> <span class='ocrx_word' id='word_1_4' title='bbox 1257 151 1446 232; x_wconf 84' lang='lat' dir='ltr'><strong>from</strong></span> <span class='ocrx_word' id='word_1_5' title='bbox 1493 149 1712 212; x_wconf 83' lang='lat' dir='ltr'><em>Aulus</em></span> <span class='ocrx_word' id='word_1_6' title='bbox 1762 149 2019 213; x_wconf 79' lang='lat' dir='ltr'><em>Gellius</em></span> 
     </span>
    </p>
   </div>
   <div class='ocr_carea' id='block_1_2' title="bbox 430 345 2338 520">
    <p class='ocr_par' dir='ltr' id='par_1_2' title="bbox 430 345 2338 520">
     <span class='ocr_line' id='line_1_2' title="bbox 432 345 2338 421; baseline 0 -17"><span class='ocrx_word' id='word_1_7' title='bbox 432 347 812 421; x_wconf 86' lang='lat' dir='ltr'><strong>intemperies</strong></span> <span class='ocrx_word' id='word_1_8' title='bbox 863 346 920 402; x_wconf 92' lang='lat' dir='ltr'><strong>in</strong></span> <span class='ocrx_word' id='word_1_9' title='bbox 979 346 1251 403; x_wconf 91' lang='lat' dir='ltr'><strong>maritum</strong></span> <span class='ocrx_word' id='word_1_10' title='bbox 1305 345 1641 403; x_wconf 81' lang='lat' dir='ltr'><strong>Alcibiades</strong></span> <span class='ocrx_word' id='word_1_11' title='bbox 1698 345 2035 416; x_wconf 77' lang='lat' dir='ltr'><strong>demiratuS,</strong></span> <span class='ocrx_word' id='word_1_12' title='bbox 2087 346 2338 404; x_wconf 90' lang='lat' dir='ltr'><strong>interro-</strong></span> 
     </span>
     <span class='ocr_line' id='line_1_3' title="bbox 430 443 2337 520; baseline 0 -19"><span class='ocrx_word' id='word_1_13' title='bbox 430 445 584 520; x_wconf 89' lang='lat' dir='ltr'><strong>gavit</strong></span> <span class='ocrx_word' id='word_1_14' title='bbox 627 444 927 514; x_wconf 88' lang='lat' dir='ltr'><strong>Socraten,</strong></span> <span class='ocrx_word' id='word_1_15' title='bbox 972 461 1266 517; x_wconf 83' lang='lat' dir='ltr'><strong>quaenam</strong></span> <span class='ocrx_word' id='word_1_16' title='bbox 1310 443 1457 501; x_wconf 87' lang='lat' dir='ltr'><strong>ratio</strong></span> <span class='ocrx_word' id='word_1_17' title='bbox 1501 452 1672 514; x_wconf 89' lang='lat' dir='ltr'><strong>esset,</strong></span> <span class='ocrx_word' id='word_1_18' title='bbox 1716 461 1821 500; x_wconf 91' lang='lat' dir='ltr'><strong>cur</strong></span> <span class='ocrx_word' id='word_1_19' title='bbox 1862 443 2167 500; x_wconf 89' lang='lat' dir='ltr'><strong>mulierem</strong></span> <span class='ocrx_word' id='word_1_20' title='bbox 2211 452 2337 501; x_wconf 92' lang='lat' dir='ltr'><strong>tam</strong></span> 
     </span>
    </p>
   </div>
   <div class='ocr_carea' id='block_1_3' title="bbox 431 541 1437 616">
    <p class='ocr_par' dir='ltr' id='par_1_3' title="bbox 431 541 1437 616">
     <span class='ocr_line' id='line_1_4' title="bbox 431 541 1437 616; baseline -0.001 -17"><span class='ocrx_word' id='word_1_21' title='bbox 431 543 707 600; x_wconf 89' lang='lat' dir='ltr'><strong>acerbam</strong></span> <span class='ocrx_word' id='word_1_22' title='bbox 758 541 941 599; x_wconf 92' lang='lat' dir='ltr'><strong>domo</strong></span> <span class='ocrx_word' id='word_1_23' title='bbox 991 559 1111 599; x_wconf 91' lang='lat' dir='ltr'><strong>non</strong></span> <span class='ocrx_word' id='word_1_24' title='bbox 1161 541 1437 616; x_wconf 88' lang='lat' dir='ltr'><strong>exigeret.</strong></span> 
     </span>
    </p>
   </div>
   <div class='ocr_carea' id='block_1_4' title="bbox 1523 540 2337 615">
    <p class='ocr_par' dir='ltr' id='par_1_4' title="bbox 1523 540 2337 615">
     <span class='ocr_line' id='line_1_5' title="bbox 1523 540 2337 615; baseline 0.002 -18"><span class='ocrx_word' id='word_1_25' title='bbox 1523 541 1895 613; x_wconf 85' lang='lat' dir='ltr'><strong>‘Quoniam,’</strong></span> <span class='ocrx_word' id='word_1_26' title='bbox 1945 540 2136 615; x_wconf 90' lang='lat' dir='ltr'><strong>inquit</strong></span> <span class='ocrx_word' id='word_1_27' title='bbox 2191 541 2337 599; x_wconf 90' lang='lat' dir='ltr'><strong>Soc-</strong></span> 
     </span>
    </p>
   </div>
   <div class='ocr_carea' id='block_1_5' title="bbox 431 638 2340 713">
    <p class='ocr_par' dir='ltr' id='par_1_5' title="bbox 431 638 2340 713">
     <span class='ocr_line' id='line_1_6' title="bbox 431 638 2340 713; baseline 0 -15"><span class='ocrx_word' id='word_1_28' title='bbox 431 650 604 712; x_wconf 87' lang='lat' dir='ltr'><strong>rates,</strong></span> <span class='ocrx_word' id='word_1_29' title='bbox 662 644 676 671; x_wconf 90' lang='lat'>‘</span> <span class='ocrx_word' id='word_1_30' title='bbox 699 658 834 697; x_wconf 90' lang='lat' dir='ltr'><strong>cum</strong></span> <span class='ocrx_word' id='word_1_31' title='bbox 890 639 1048 696; x_wconf 92' lang='lat' dir='ltr'><strong>illam</strong></span> <span class='ocrx_word' id='word_1_32' title='bbox 1105 639 1268 696; x_wconf 91' lang='lat' dir='ltr'><strong>domi</strong></span> <span class='ocrx_word' id='word_1_33' title='bbox 1327 639 1504 696; x_wconf 90' lang='lat' dir='ltr'><strong>talem</strong></span> <span class='ocrx_word' id='word_1_34' title='bbox 1559 639 1878 713; x_wconf 92' lang='lat' dir='ltr'><strong>perpetior,</strong></span> <span class='ocrx_word' id='word_1_35' title='bbox 1938 638 2210 696; x_wconf 88' lang='lat' dir='ltr'><strong>insuesco</strong></span> <span class='ocrx_word' id='word_1_36' title='bbox 2275 648 2340 698; x_wconf 92' lang='lat' dir='ltr'><strong>et</strong></span> 
     </span>
    </p>
   </div>
   <div class='ocr_carea' id='block_1_6' title="bbox 430 834 1081 893">
    <p class='ocr_par' dir='ltr' id='par_1_6' title="bbox 430 834 1081 893">
     <span class='ocr_line' id='line_1_7' title="bbox 430 834 1081 893; baseline -0.003 0"><span class='ocrx_word' id='word_1_37' title='bbox 430 836 575 893; x_wconf 87' lang='lat' dir='ltr'><strong>riam</strong></span> <span class='ocrx_word' id='word_1_38' title='bbox 607 835 832 892; x_wconf 87' lang='lat' dir='ltr'><strong>facilius</strong></span> <span class='ocrx_word' id='word_1_39' title='bbox 861 834 1081 892; x_wconf 89' lang='lat' dir='ltr'><strong>seram.&#39;</strong></span> 
     </span>
    </p>
   </div>
   <div class='ocr_carea' id='block_1_7' title="bbox 331 735 2335 811">
    <p class='ocr_par' dir='ltr' id='par_1_7' title="bbox 331 735 2335 811">
     <span class='ocr_line' id='line_1_8' title="bbox 331 735 2335 811; baseline -0 -16"><span class='ocrx_word' id='word_1_40' title='bbox 331 764 352 810; x_wconf 84' lang='lat'><strong>5</strong></span> <span class='ocrx_word' id='word_1_41' title='bbox 427 755 724 807; x_wconf 87' lang='lat' dir='ltr'><strong>exerceor,</strong></span> <span class='ocrx_word' id='word_1_42' title='bbox 754 747 819 795; x_wconf 91' lang='lat' dir='ltr'><strong>ut</strong></span> <span class='ocrx_word' id='word_1_43' title='bbox 856 746 1186 794; x_wconf 90' lang='lat' dir='ltr'><strong>ceterorum</strong></span> <span class='ocrx_word' id='word_1_44' title='bbox 1221 754 1458 811; x_wconf 91' lang='lat' dir='ltr'><strong>quoque</strong></span> <span class='ocrx_word' id='word_1_45' title='bbox 1494 735 1632 794; x_wconf 90' lang='lat' dir='ltr'><strong>foris</strong></span> <span class='ocrx_word' id='word_1_46' title='bbox 1665 736 2052 810; x_wconf 90' lang='lat' dir='ltr'><strong>petulantiam</strong></span> <span class='ocrx_word' id='word_1_47' title='bbox 2087 746 2148 793; x_wconf 91' lang='lat' dir='ltr'><strong>et</strong></span> <span class='ocrx_word' id='word_1_48' title='bbox 2182 736 2335 794; x_wconf 91' lang='lat' dir='ltr'><strong>iniu-</strong></span> 
     </span>
    </p>
   </div>
   <div class='ocr_carea' id='block_1_8' title="bbox 431 930 2339 1105">
    <p class='ocr_par' dir='ltr' id='par_1_8' title="bbox 431 930 2339 1105">
     <span class='ocr_line' id='line_1_9' title="bbox 509 930 2339 1006; baseline -0.002 -15"><span class='ocrx_word' id='word_1_49' title='bbox 509 932 845 992; x_wconf 89' lang='lat' dir='ltr'><strong>Secundum</strong></span> <span class='ocrx_word' id='word_1_50' title='bbox 894 932 1046 989; x_wconf 92' lang='lat' dir='ltr'><strong>hanc</strong></span> <span class='ocrx_word' id='word_1_51' title='bbox 1099 930 1451 988; x_wconf 86' lang='lat' dir='ltr'><strong>sententiam</strong></span> <span class='ocrx_word' id='word_1_52' title='bbox 1502 948 1739 1006; x_wconf 91' lang='lat' dir='ltr'><strong>quoque</strong></span> <span class='ocrx_word' id='word_1_53' title='bbox 1785 931 1971 988; x_wconf 88' lang='lat' dir='ltr'><strong>Varro</strong></span> <span class='ocrx_word' id='word_1_54' title='bbox 2022 931 2082 990; x_wconf 90' lang='lat' dir='ltr'><strong>in</strong></span> <span class='ocrx_word' id='word_1_55' title='bbox 2137 941 2339 989; x_wconf 86' lang='lat' dir='ltr'><strong>satura</strong></span> 
     </span>
     <span class='ocr_line' id='line_1_10' title="bbox 431 1028 2335 1105; baseline -0.001 -17"><span class='ocrx_word' id='word_1_56' title='bbox 431 1031 773 1105; x_wconf 88' lang='lat' dir='ltr'><strong>Menippea,</strong></span> <span class='ocrx_word' id='word_1_57' title='bbox 796 1048 972 1105; x_wconf 89' lang='lat' dir='ltr'><strong>quam</strong></span> <span class='ocrx_word' id='word_1_58' title='bbox 1005 1028 1081 1087; x_wconf 90' lang='lat' dir='ltr'><strong>de</strong></span> <span class='ocrx_word' id='word_1_59' title='bbox 1112 1028 1309 1087; x_wconf 89' lang='lat' dir='ltr'><strong>officio</strong></span> <span class='ocrx_word' id='word_1_60' title='bbox 1340 1028 1530 1085; x_wconf 90' lang='lat' dir='ltr'><strong>mariti</strong></span> <span class='ocrx_word' id='word_1_61' title='bbox 1560 1028 1826 1103; x_wconf 84' lang='lat' dir='ltr'><strong>scripsit:</strong></span> <span class='ocrx_word' id='word_1_62' title='bbox 1854 1028 2096 1098; x_wconf 90' lang='lat' dir='ltr'><strong>Vitium,</strong></span> <span class='ocrx_word' id='word_1_63' title='bbox 2119 1028 2335 1104; x_wconf 91' lang='lat' dir='ltr'><strong>inquit,</strong></span> 
     </span>
    </p>
   </div>
   <div class='ocr_carea' id='block_1_9' title="bbox 333 1125 2334 1299">
    <p class='ocr_par' dir='ltr' id='par_1_9' title="bbox 333 1125 2334 1299">
     <span class='ocr_line' id='line_1_11' title="bbox 429 1125 1903 1186; baseline -0.002 0"><span class='ocrx_word' id='word_1_64' title='bbox 429 1128 626 1186; x_wconf 86' lang='lat' dir='ltr'><strong>uxoris</strong></span> <span class='ocrx_word' id='word_1_65' title='bbox 693 1138 794 1185; x_wconf 91' lang='lat' dir='ltr'><strong>aut</strong></span> <span class='ocrx_word' id='word_1_66' title='bbox 861 1125 1187 1185; x_wconf 92' lang='lat' dir='ltr'><strong>tollendum</strong></span> <span class='ocrx_word' id='word_1_67' title='bbox 1258 1137 1358 1184; x_wconf 91' lang='lat' dir='ltr'><strong>aut</strong></span> <span class='ocrx_word' id='word_1_68' title='bbox 1425 1126 1734 1184; x_wconf 88' lang='lat' dir='ltr'><strong>serendum</strong></span> <span class='ocrx_word' id='word_1_69' title='bbox 1798 1136 1903 1184; x_wconf 91' lang='lat' dir='ltr'><strong>est.</strong></span> 
     </span>
     <span class='ocr_line' id='line_1_12' title="bbox 333 1223 2334 1299; baseline 0 -17"><span class='ocrx_word' id='word_1_70' title='bbox 333 1252 384 1282; x_wconf 91' lang='lat'><strong>10</strong></span> <span class='ocrx_word' id='word_1_71' title='bbox 424 1226 648 1295; x_wconf 88' lang='lat' dir='ltr'><strong>vitium,</strong></span> <span class='ocrx_word' id='word_1_72' title='bbox 699 1243 940 1283; x_wconf 86' lang='lat' dir='ltr'><strong>uxorem</strong></span> <span class='ocrx_word' id='word_1_73' title='bbox 999 1224 1471 1282; x_wconf 91' lang='lat' dir='ltr'><strong>commodiorem</strong></span> <span class='ocrx_word' id='word_1_74' title='bbox 1527 1233 1805 1299; x_wconf 90' lang='lat' dir='ltr'><strong>praestat,</strong></span> <span class='ocrx_word' id='word_1_75' title='bbox 1855 1224 1958 1298; x_wconf 89' lang='lat' dir='ltr'><strong>qui</strong></span> <span class='ocrx_word' id='word_1_76' title='bbox 2015 1223 2141 1294; x_wconf 89' lang='lat' dir='ltr'><strong>sert,</strong></span> <span class='ocrx_word' id='word_1_77' title='bbox 2199 1241 2334 1282; x_wconf 89' lang='lat' dir='ltr'><strong>sese</strong></span> 
     </span>
    </p>
   </div>
   <div class='ocr_carea' id='block_1_10' title="bbox 2005 1126 2337 1199">
    <p class='ocr_par' dir='ltr' id='par_1_10' title="bbox 2005 1126 2337 1199">
     <span class='ocr_line' id='line_1_13' title="bbox 2005 1126 2337 1199; baseline 0.003 -16"><span class='ocrx_word' id='word_1_78' title='bbox 2005 1126 2124 1199; x_wconf 86' lang='lat' dir='ltr'><strong>Qui</strong></span> <span class='ocrx_word' id='word_1_79' title='bbox 2181 1127 2337 1185; x_wconf 91' lang='lat' dir='ltr'><strong>tollit</strong></span> 
     </span>
    </p>
   </div>
   <div class='ocr_carea' id='block_1_11' title="bbox 428 1321 2336 1496">
    <p class='ocr_par' dir='ltr' id='par_1_11' title="bbox 428 1321 2336 1496">
     <span class='ocr_line' id='line_1_14' title="bbox 430 1321 2331 1381; baseline -0.001 0"><span class='ocrx_word' id='word_1_80' title='bbox 430 1323 736 1381; x_wconf 91' lang='lat' dir='ltr'><strong>meliorem</strong></span> <span class='ocrx_word' id='word_1_81' title='bbox 766 1322 921 1379; x_wconf 88' lang='lat' dir='ltr'><strong>facit.</strong></span> <span class='ocrx_word' id='word_1_82' title='bbox 996 1323 1166 1379; x_wconf 90' lang='lat' dir='ltr'><strong>Haec</strong></span> <span class='ocrx_word' id='word_1_83' title='bbox 1195 1321 1375 1379; x_wconf 88' lang='lat' dir='ltr'><strong>verba</strong></span> <span class='ocrx_word' id='word_1_84' title='bbox 1401 1322 1681 1380; x_wconf 88' lang='lat' dir='ltr'><strong>Varronis</strong></span> <span class='ocrx_word' id='word_1_85' title='bbox 1710 1326 1725 1352; x_wconf 93' lang='lat'>‘</span> <span class='ocrx_word' id='word_1_86' title='bbox 1750 1322 1954 1379; x_wconf 91' lang='lat' dir='ltr'><strong>tollere</strong></span> <span class='ocrx_word' id='word_1_87' title='bbox 1977 1323 1989 1347; x_wconf 88' lang='lat'>’</span> <span class='ocrx_word' id='word_1_88' title='bbox 2022 1332 2080 1379; x_wconf 92' lang='lat' dir='ltr'><strong>et</strong></span> <span class='ocrx_word' id='word_1_89' title='bbox 2111 1325 2125 1352; x_wconf 91' lang='lat'>‘</span> <span class='ocrx_word' id='word_1_90' title='bbox 2147 1321 2299 1380; x_wconf 88' lang='lat' dir='ltr'><strong>ferre</strong></span> <span class='ocrx_word' id='word_1_91' title='bbox 2319 1324 2331 1348; x_wconf 88' lang='lat'>’</span> 
     </span>
     <span class='ocr_line' id='line_1_15' title="bbox 428 1419 2336 1496; baseline 0.001 -19"><span class='ocrx_word' id='word_1_92' title='bbox 428 1420 626 1496; x_wconf 91' lang='lat' dir='ltr'><strong>lepide</strong></span> <span class='ocrx_word' id='word_1_93' title='bbox 689 1419 931 1494; x_wconf 90' lang='lat' dir='ltr'><strong>quidem</strong></span> <span class='ocrx_word' id='word_1_94' title='bbox 987 1420 1323 1495; x_wconf 91' lang='lat' dir='ltr'><strong>composita</strong></span> <span class='ocrx_word' id='word_1_95' title='bbox 1377 1429 1529 1490; x_wconf 90' lang='lat' dir='ltr'><strong>sunt,</strong></span> <span class='ocrx_word' id='word_1_96' title='bbox 1587 1419 1694 1478; x_wconf 91' lang='lat' dir='ltr'><strong>sed</strong></span> <span class='ocrx_word' id='word_1_97' title='bbox 1750 1423 1765 1450; x_wconf 92' lang='lat'>‘</span> <span class='ocrx_word' id='word_1_98' title='bbox 1786 1419 2024 1477; x_wconf 89' lang='lat' dir='ltr'><strong>tollere’</strong></span> <span class='ocrx_word' id='word_1_99' title='bbox 2083 1429 2336 1495; x_wconf 89' lang='lat' dir='ltr'><strong>apparet</strong></span> 
     </span>
    </p>
   </div>
   <div class='ocr_carea' id='block_1_12' title="bbox 429 1517 1243 1592">
    <p class='ocr_par' dir='ltr' id='par_1_12' title="bbox 429 1517 1243 1592">
     <span class='ocr_line' id='line_1_16' title="bbox 429 1517 1243 1592; baseline -0.001 -17"><span class='ocrx_word' id='word_1_100' title='bbox 429 1517 655 1576; x_wconf 91' lang='lat' dir='ltr'><strong>dictum</strong></span> <span class='ocrx_word' id='word_1_101' title='bbox 712 1535 820 1592; x_wconf 94' lang='lat' dir='ltr'><strong>pro</strong></span> <span class='ocrx_word' id='word_1_102' title='bbox 877 1517 1243 1592; x_wconf 90' lang='lat' dir='ltr'><strong>‘corrigere.’</strong></span> 
     </span>
    </p>
   </div>
   <div class='ocr_carea' id='block_1_13' title="bbox 1348 1516 2334 1591">
    <p class='ocr_par' dir='ltr' id='par_1_13' title="bbox 1348 1516 2334 1591">
     <span class='ocr_line' id='line_1_17' title="bbox 1348 1516 2334 1591; baseline 0.002 -18"><span class='ocrx_word' id='word_1_103' title='bbox 1348 1516 1422 1574; x_wconf 92' lang='lat' dir='ltr'><strong>Id</strong></span> <span class='ocrx_word' id='word_1_104' title='bbox 1478 1517 1656 1574; x_wconf 89' lang='lat' dir='ltr'><strong>etiam</strong></span> <span class='ocrx_word' id='word_1_105' title='bbox 1717 1526 1978 1591; x_wconf 89' lang='lat' dir='ltr'><strong>apparet,</strong></span> <span class='ocrx_word' id='word_1_106' title='bbox 2037 1516 2334 1575; x_wconf 90' lang='lat' dir='ltr'><strong>eiusmodi</strong></span> 
     </span>
    </p>
   </div>
   <div class='ocr_carea' id='block_1_14' title="bbox 427 1612 2331 1688">
    <p class='ocr_par' dir='ltr' id='par_1_14' title="bbox 427 1612 2331 1688">
     <span class='ocr_line' id='line_1_18' title="bbox 427 1612 2331 1688; baseline -0.001 -15"><span class='ocrx_word' id='word_1_107' title='bbox 427 1615 631 1673; x_wconf 88' lang='lat' dir='ltr'><strong>vitium</strong></span> <span class='ocrx_word' id='word_1_108' title='bbox 674 1615 887 1686; x_wconf 79' lang='lat' dir='ltr'><strong>uxoriS,</strong></span> <span class='ocrx_word' id='word_1_109' title='bbox 924 1615 972 1673; x_wconf 88' lang='lat' dir='ltr'><strong>si</strong></span> <span class='ocrx_word' id='word_1_110' title='bbox 1015 1614 1226 1688; x_wconf 88' lang='lat' dir='ltr'><strong>corrigi</strong></span> <span class='ocrx_word' id='word_1_111' title='bbox 1270 1632 1391 1672; x_wconf 93' lang='lat' dir='ltr'><strong>non</strong></span> <span class='ocrx_word' id='word_1_112' title='bbox 1434 1615 1636 1688; x_wconf 89' lang='lat' dir='ltr'><strong>possit,</strong></span> <span class='ocrx_word' id='word_1_113' title='bbox 1672 1612 1980 1672; x_wconf 88' lang='lat' dir='ltr'><strong>serendum</strong></span> <span class='ocrx_word' id='word_1_114' title='bbox 2022 1632 2148 1671; x_wconf 89' lang='lat' dir='ltr'><strong>esse</strong></span> <span class='ocrx_word' id='word_1_115' title='bbox 2181 1614 2331 1671; x_wconf 87' lang='lat' dir='ltr'><strong>Var-</strong></span> 
     </span>
    </p>
   </div>
   <div class='ocr_carea' id='block_1_15' title="bbox 331 1710 2329 1787">
    <p class='ocr_par' dir='ltr' id='par_1_15' title="bbox 331 1710 2329 1787">
     <span class='ocr_line' id='line_1_19' title="bbox 331 1710 2329 1787; baseline -0.001 -16"><span class='ocrx_word' id='word_1_116' title='bbox 331 1740 377 1786; x_wconf 83' lang='lat'><strong>15</strong></span> <span class='ocrx_word' id='word_1_117' title='bbox 425 1731 630 1771; x_wconf 90' lang='lat' dir='ltr'><strong>ronem</strong></span> <span class='ocrx_word' id='word_1_118' title='bbox 654 1712 969 1783; x_wconf 89' lang='lat' dir='ltr'><strong>censuisse,</strong></span> <span class='ocrx_word' id='word_1_119' title='bbox 992 1710 1156 1787; x_wconf 92' lang='lat' dir='ltr'><strong>quod</strong></span> <span class='ocrx_word' id='word_1_120' title='bbox 1188 1711 1322 1768; x_wconf 88' lang='lat' dir='ltr'><strong>ferri</strong></span> <span class='ocrx_word' id='word_1_121' title='bbox 1353 1711 1577 1769; x_wconf 90' lang='lat' dir='ltr'><strong>scilicet</strong></span> <span class='ocrx_word' id='word_1_122' title='bbox 1605 1730 1640 1769; x_wconf 89' lang='lat' dir='ltr'><strong>a</strong></span> <span class='ocrx_word' id='word_1_123' title='bbox 1661 1711 1784 1769; x_wconf 89' lang='lat' dir='ltr'><strong>viro</strong></span> <span class='ocrx_word' id='word_1_124' title='bbox 1813 1710 2058 1769; x_wconf 89' lang='lat' dir='ltr'><strong>honeste</strong></span> <span class='ocrx_word' id='word_1_125' title='bbox 2089 1720 2290 1785; x_wconf 88' lang='lat' dir='ltr'><strong>potest</strong></span> <span class='ocrx_word' id='word_1_126' title='bbox 2313 1732 2329 1783; x_wconf 90' lang='lat'>;</span> 
     </span>
    </p>
   </div>
   <div class='ocr_carea' id='block_1_16' title="bbox 425 1806 1444 1882">
    <p class='ocr_par' dir='ltr' id='par_1_16' title="bbox 425 1806 1444 1882">
     <span class='ocr_line' id='line_1_20' title="bbox 425 1806 1444 1882; baseline -0.003 -17"><span class='ocrx_word' id='word_1_127' title='bbox 425 1807 567 1865; x_wconf 90' lang='lat' dir='ltr'><strong>vitia</strong></span> <span class='ocrx_word' id='word_1_128' title='bbox 598 1807 755 1865; x_wconf 88' lang='lat' dir='ltr'><strong>enim</strong></span> <span class='ocrx_word' id='word_1_129' title='bbox 786 1807 1014 1882; x_wconf 89' lang='lat' dir='ltr'><strong>flagitiis</strong></span> <span class='ocrx_word' id='word_1_130' title='bbox 1045 1806 1264 1865; x_wconf 88' lang='lat' dir='ltr'><strong>leviora</strong></span> <span class='ocrx_word' id='word_1_131' title='bbox 1292 1815 1444 1863; x_wconf 86' lang='lat' dir='ltr'><strong>sunt.</strong></span> 
     </span>
    </p>
   </div>
   <div class='ocr_carea' id='block_1_17' title="bbox 1088 2055 1652 2120">
    <p class='ocr_par' dir='ltr' id='par_1_17' title="bbox 1088 2055 1652 2120">
     <span class='ocr_line' id='line_1_21' title="bbox 1088 2055 1652 2120; baseline -0.012 -11"><span class='ocrx_word' id='word_1_132' title='bbox 1088 2055 1159 2109; x_wconf 86' lang='lat'><strong>4.</strong></span> <span class='ocrx_word' id='word_1_133' title='bbox 1201 2057 1294 2120; x_wconf 88' lang='lat' dir='ltr'><strong>(N.</strong></span> <span class='ocrx_word' id='word_1_134' title='bbox 1330 2058 1391 2105; x_wconf 85' lang='lat' dir='ltr'><strong>A.</strong></span> <span class='ocrx_word' id='word_1_135' title='bbox 1434 2057 1473 2105; x_wconf 93' lang='lat'><strong>1.</strong></span> <span class='ocrx_word' id='word_1_136' title='bbox 1510 2055 1652 2119; x_wconf 72' lang='lat' dir='ltr'><strong>xm.)</strong></span> 
     </span>
    </p>
   </div>
   <div class='ocr_carea' id='block_1_18' title="bbox 511 2217 2227 2284">
    <p class='ocr_par' dir='ltr' id='par_1_18' title="bbox 511 2217 2227 2284">
     <span class='ocr_line' id='line_1_22' title="bbox 511 2217 2227 2284; baseline -0.001 -14"><span class='ocrx_word' id='word_1_137' title='bbox 511 2221 739 2270; x_wconf 87' lang='lat' dir='ltr'><strong>Historia</strong></span> <span class='ocrx_word' id='word_1_138' title='bbox 762 2235 909 2284; x_wconf 87' lang='lat' dir='ltr'><strong>super</strong></span> <span class='ocrx_word' id='word_1_139' title='bbox 934 2220 1070 2269; x_wconf 88' lang='lat' dir='ltr'><strong>libris</strong></span> <span class='ocrx_word' id='word_1_140' title='bbox 1094 2220 1347 2284; x_wconf 88' lang='lat' dir='ltr'><strong>Sibyllinis</strong></span> <span class='ocrx_word' id='word_1_141' title='bbox 1371 2234 1430 2268; x_wconf 82' lang='lat' dir='ltr'><strong>ac</strong></span> <span class='ocrx_word' id='word_1_142' title='bbox 1455 2220 1517 2268; x_wconf 91' lang='lat' dir='ltr'><strong>de</strong></span> <span class='ocrx_word' id='word_1_143' title='bbox 1541 2217 1815 2283; x_wconf 87' lang='lat' dir='ltr'><strong>Tarquinio</strong></span> <span class='ocrx_word' id='word_1_144' title='bbox 1841 2218 2067 2283; x_wconf 90' lang='lat' dir='ltr'><strong>Superbo</strong></span> <span class='ocrx_word' id='word_1_145' title='bbox 2090 2233 2227 2282; x_wconf 88' lang='lat' dir='ltr'><strong>rege.</strong></span> 
     </span>
    </p>
   </div>
   <div class='ocr_carea' id='block_1_19' title="bbox 505 2350 2333 2429">
    <p class='ocr_par' dir='ltr' id='par_1_19' title="bbox 505 2350 2333 2429">
     <span class='ocr_line' id='line_1_23' title="bbox 505 2350 2333 2429; baseline -0.001 -16"><span class='ocrx_word' id='word_1_146' title='bbox 505 2357 576 2413; x_wconf 92' lang='lat' dir='ltr'><strong>In</strong></span> <span class='ocrx_word' id='word_1_147' title='bbox 618 2355 872 2429; x_wconf 89' lang='lat' dir='ltr'><strong>antiquis</strong></span> <span class='ocrx_word' id='word_1_148' title='bbox 915 2354 1217 2412; x_wconf 89' lang='lat' dir='ltr'><strong>annalibus</strong></span> <span class='ocrx_word' id='word_1_149' title='bbox 1267 2353 1554 2411; x_wconf 90' lang='lat' dir='ltr'><strong>memoria</strong></span> <span class='ocrx_word' id='word_1_150' title='bbox 1602 2370 1779 2427; x_wconf 88' lang='lat' dir='ltr'><strong>super</strong></span> <span class='ocrx_word' id='word_1_151' title='bbox 1825 2351 1985 2410; x_wconf 90' lang='lat' dir='ltr'><strong>libris</strong></span> <span class='ocrx_word' id='word_1_152' title='bbox 2034 2350 2333 2426; x_wconf 89' lang='lat' dir='ltr'><strong>Sibyllinis</strong></span> 
     </span>
    </p>
   </div>
   <div class='ocr_carea' id='block_1_20' title="bbox 419 2623 1322 3429">
    <p class='ocr_par' dir='ltr' id='par_1_20' title="bbox 421 2623 1321 2755">
     <span class='ocr_line' id='line_1_24' title="bbox 508 2623 1321 2682; baseline -0.004 -12"><span class='ocrx_word' id='word_1_153' title='bbox 508 2635 551 2682; x_wconf 86' lang='lat'><strong>5.</strong></span> <span class='ocrx_word' id='word_1_154' title='bbox 580 2624 899 2668; x_wconf 77' lang='lat' dir='ltr'><strong>Petulanticzm</strong></span> <span class='ocrx_word' id='word_1_155' title='bbox 954 2628 1001 2667; x_wconf 82' lang='lat' dir='ltr'><strong>et</strong></span> <span class='ocrx_word' id='word_1_156' title='bbox 1053 2623 1286 2667; x_wconf 82' lang='lat' dir='ltr'><strong>iniuriam</strong></span> <span class='ocrx_word' id='word_1_157' title='bbox 1303 2638 1321 2667; x_wconf 92' lang='lat'><strong>.·</strong></span> 
     </span>
     <span class='ocr_line' id='line_1_25' title="bbox 421 2698 1017 2755; baseline 0.003 -13"><span class='ocrx_word' id='word_1_158' title='bbox 421 2701 430 2718; x_wconf 85' lang='lat'><strong>¹</strong></span> <span class='ocrx_word' id='word_1_159' title='bbox 450 2699 498 2743; x_wconf 89' lang='lat' dir='ltr'><strong>ill</strong></span> <span class='ocrx_word' id='word_1_160' title='bbox 518 2705 701 2755; x_wconf 87' lang='lat' dir='ltr'><strong>temper</strong></span> <span class='ocrx_word' id='word_1_161' title='bbox 720 2699 816 2742; x_wconf 89' lang='lat' dir='ltr'><strong>and</strong></span> <span class='ocrx_word' id='word_1_162' title='bbox 839 2698 1017 2744; x_wconf 85' lang='lat' dir='ltr'><strong>abuse.&#39;</strong></span> 
     </span>
    </p>

    <p class='ocr_par' dir='ltr' id='par_1_21' title="bbox 419 2773 1322 3043">
     <span class='ocr_line' id='line_1_26' title="bbox 505 2773 1319 2830; baseline -0.002 -11"><span class='ocrx_word' id='word_1_163' title='bbox 505 2787 548 2830; x_wconf 91' lang='lat'><strong>7.</strong></span> <span class='ocrx_word' id='word_1_164' title='bbox 580 2774 755 2817; x_wconf 81' lang='lat' dir='ltr'><strong>Satura</strong></span> <span class='ocrx_word' id='word_1_165' title='bbox 790 2774 1040 2830; x_wconf 77' lang='lat' dir='ltr'><strong>Menippea</strong></span> <span class='ocrx_word' id='word_1_166' title='bbox 1056 2788 1073 2817; x_wconf 87' lang='lat'><strong>.·</strong></span> <span class='ocrx_word' id='word_1_167' title='bbox 1113 2787 1143 2817; x_wconf 90' lang='lat' dir='ltr'><strong>a</strong></span> <span class='ocrx_word' id='word_1_168' title='bbox 1179 2773 1319 2818; x_wconf 88' lang='lat' dir='ltr'><strong>satire</strong></span> 
     </span>
     <span class='ocr_line' id='line_1_27' title="bbox 419 2847 1320 2905; baseline 0 -14"><span class='ocrx_word' id='word_1_169' title='bbox 419 2847 597 2891; x_wconf 88' lang='lat' dir='ltr'><strong>written</strong></span> <span class='ocrx_word' id='word_1_170' title='bbox 632 2847 679 2891; x_wconf 92' lang='lat' dir='ltr'><strong>in</strong></span> <span class='ocrx_word' id='word_1_171' title='bbox 711 2847 941 2891; x_wconf 87' lang='lat' dir='ltr'><strong>imitation</strong></span> <span class='ocrx_word' id='word_1_172' title='bbox 975 2847 1029 2892; x_wconf 83' lang='lat' dir='ltr'><strong>of</strong></span> <span class='ocrx_word' id='word_1_173' title='bbox 1059 2848 1137 2891; x_wconf 87' lang='lat' dir='ltr'><strong>the</strong></span> <span class='ocrx_word' id='word_1_174' title='bbox 1168 2847 1320 2905; x_wconf 89' lang='lat' dir='ltr'><strong>Cynie</strong></span> 
     </span>
     <span class='ocr_line' id='line_1_28' title="bbox 420 2921 1322 2980; baseline 0 -14"><span class='ocrx_word' id='word_1_175' title='bbox 420 2921 745 2979; x_wconf 86' lang='lat' dir='ltr'><strong>philosopher,</strong></span> <span class='ocrx_word' id='word_1_176' title='bbox 797 2922 1058 2980; x_wconf 83' lang='lat' dir='ltr'><strong>Menippus</strong></span> <span class='ocrx_word' id='word_1_177' title='bbox 1118 2921 1174 2966; x_wconf 86' lang='lat' dir='ltr'><strong>of</strong></span> <span class='ocrx_word' id='word_1_178' title='bbox 1227 2923 1322 2966; x_wconf 91' lang='lat' dir='ltr'><strong>Ga-</strong></span> 
     </span>
     <span class='ocr_line' id='line_1_29' title="bbox 420 2998 552 3043; baseline 0.008 -1"><span class='ocrx_word' id='word_1_179' title='bbox 420 2998 552 3043; x_wconf 85' lang='lat' dir='ltr'><strong>dara.</strong></span> 
     </span>
    </p>

    <p class='ocr_par' dir='ltr' id='par_1_22' title="bbox 420 3071 1320 3192">
     <span class='ocr_line' id='line_1_30' title="bbox 505 3071 1320 3130; baseline -0.002 -13"><span class='ocrx_word' id='word_1_180' title='bbox 505 3085 549 3129; x_wconf 91' lang='lat'><strong>9.</strong></span> <span class='ocrx_word' id='word_1_181' title='bbox 591 3071 861 3116; x_wconf 83' lang='lat' dir='ltr'><strong>Tollendum</strong></span> <span class='ocrx_word' id='word_1_182' title='bbox 910 3076 996 3116; x_wconf 83' lang='lat' dir='ltr'><strong>aut</strong></span> <span class='ocrx_word' id='word_1_183' title='bbox 1029 3071 1286 3130; x_wconf 82' lang='lat' dir='ltr'><strong>ferendum</strong></span> <span class='ocrx_word' id='word_1_184' title='bbox 1304 3087 1320 3115; x_wconf 90' lang='lat'><strong>.·</strong></span> 
     </span>
     <span class='ocr_line' id='line_1_31' title="bbox 420 3146 933 3192; baseline 0 0"><span class='ocrx_word' id='word_1_185' title='bbox 420 3149 430 3167; x_wconf 86' lang='lat'>&#39;</span> <span class='ocrx_word' id='word_1_186' title='bbox 446 3147 591 3192; x_wconf 88' lang='lat' dir='ltr'><strong>cured</strong></span> <span class='ocrx_word' id='word_1_187' title='bbox 614 3159 669 3191; x_wconf 89' lang='lat' dir='ltr'><strong>or</strong></span> <span class='ocrx_word' id='word_1_188' title='bbox 690 3146 933 3192; x_wconf 85' lang='lat' dir='ltr'><strong>endured.’</strong></span> 
     </span>
    </p>

    <p class='ocr_par' dir='ltr' id='par_1_23' title="bbox 481 3220 1011 3278">
     <span class='ocr_line' id='line_1_32' title="bbox 481 3220 1011 3278; baseline 0.002 -12"><span class='ocrx_word' id='word_1_189' title='bbox 481 3234 548 3267; x_wconf 89' lang='lat'><strong>12.</strong></span> <span class='ocrx_word' id='word_1_190' title='bbox 578 3220 750 3278; x_wconf 79' lang='lat' dir='ltr'><strong>Lepide</strong></span> <span class='ocrx_word' id='word_1_191' title='bbox 767 3237 785 3265; x_wconf 89' lang='lat'><strong>.·</strong></span> <span class='ocrx_word' id='word_1_192' title='bbox 815 3220 1011 3278; x_wconf 77' lang='lat' dir='ltr'><strong>‘witti1y.</strong></span> 
     </span>
    </p>

    <p class='ocr_par' dir='ltr' id='par_1_24' title="bbox 420 3296 1321 3429">
     <span class='ocr_line' id='line_1_33' title="bbox 482 3296 1320 3353; baseline -0.001 -13"><span class='ocrx_word' id='word_1_193' title='bbox 482 3310 549 3341; x_wconf 88' lang='lat'><strong>12.</strong></span> <span class='ocrx_word' id='word_1_194' title='bbox 588 3297 875 3352; x_wconf 82' lang='lat' dir='ltr'><strong>Composita:</strong></span> <span class='ocrx_word' id='word_1_195' title='bbox 910 3296 1110 3353; x_wconf 83' lang='lat' dir='ltr'><strong>‘placed</strong></span> <span class='ocrx_word' id='word_1_196' title='bbox 1137 3296 1320 3352; x_wconf 81' lang='lat' dir='ltr'><strong>togeth-</strong></span> 
     </span>
     <span class='ocr_line' id='line_1_34' title="bbox 420 3370 1321 3429; baseline -0.001 -14"><span class='ocrx_word' id='word_1_197' title='bbox 420 3372 520 3422; x_wconf 84' lang='lat' dir='ltr'><strong>er&#39;;</strong></span> <span class='ocrx_word' id='word_1_198' title='bbox 574 3371 707 3415; x_wconf 87' lang='lat' dir='ltr'><strong>there</strong></span> <span class='ocrx_word' id='word_1_199' title='bbox 757 3371 795 3415; x_wconf 89' lang='lat' dir='ltr'><strong>is</strong></span> <span class='ocrx_word' id='word_1_200' title='bbox 846 3383 876 3414; x_wconf 89' lang='lat' dir='ltr'><strong>a</strong></span> <span class='ocrx_word' id='word_1_201' title='bbox 918 3371 1028 3429; x_wconf 88' lang='lat' dir='ltr'><strong>play</strong></span> <span class='ocrx_word' id='word_1_202' title='bbox 1067 3383 1199 3428; x_wconf 89' lang='lat' dir='ltr'><strong>upon</strong></span> <span class='ocrx_word' id='word_1_203' title='bbox 1241 3370 1321 3414; x_wconf 90' lang='lat' dir='ltr'><strong>the</strong></span> 
     </span>
    </p>
   </div>
   <div class='ocr_carea' id='block_1_21' title="bbox 322 2448 2329 2527">
    <p class='ocr_par' dir='ltr' id='par_1_25' title="bbox 322 2448 2329 2527">
     <span class='ocr_line' id='line_1_35' title="bbox 322 2448 2329 2527; baseline -0.002 -16"><span class='ocrx_word' id='word_1_204' title='bbox 322 2478 379 2510; x_wconf 86' lang='lat'><strong>20</strong></span> <span class='ocrx_word' id='word_1_205' title='bbox 420 2453 568 2511; x_wconf 89' lang='lat' dir='ltr'><strong>haec</strong></span> <span class='ocrx_word' id='word_1_206' title='bbox 610 2451 846 2527; x_wconf 89' lang='lat' dir='ltr'><strong>prodita</strong></span> <span class='ocrx_word' id='word_1_207' title='bbox 887 2462 1010 2509; x_wconf 87' lang='lat' dir='ltr'><strong>est:</strong></span> <span class='ocrx_word' id='word_1_208' title='bbox 1057 2454 1216 2509; x_wconf 89' lang='lat' dir='ltr'><strong>Anus</strong></span> <span class='ocrx_word' id='word_1_209' title='bbox 1256 2451 1490 2526; x_wconf 90' lang='lat' dir='ltr'><strong>hospita</strong></span> <span class='ocrx_word' id='word_1_210' title='bbox 1522 2460 1699 2525; x_wconf 91' lang='lat' dir='ltr'><strong>atque</strong></span> <span class='ocrx_word' id='word_1_211' title='bbox 1737 2449 2036 2524; x_wconf 90' lang='lat' dir='ltr'><strong>incognita</strong></span> <span class='ocrx_word' id='word_1_212' title='bbox 2069 2448 2148 2507; x_wconf 89' lang='lat' dir='ltr'><strong>ad</strong></span> <span class='ocrx_word' id='word_1_213' title='bbox 2182 2450 2329 2507; x_wconf 89' lang='lat' dir='ltr'><strong>Tar—</strong></span> 
     </span>
    </p>
   </div>
   <div class='ocr_carea' id='block_1_22' title="bbox 1421 2619 2389 2696">
    <p class='ocr_par' dir='ltr' id='par_1_26' title="bbox 1421 2619 2389 2696">
     <span class='ocr_line' id='line_1_36' title="bbox 1421 2619 2389 2696; baseline -0.002 -29"><span class='ocrx_word' id='word_1_214' title='bbox 1421 2623 1593 2676; x_wconf 86' lang='lat' dir='ltr'><strong>words,</strong></span> <span class='ocrx_word' id='word_1_215' title='bbox 1614 2622 1768 2666; x_wconf 86' lang='lat' dir='ltr'><strong>which</strong></span> <span class='ocrx_word' id='word_1_216' title='bbox 1792 2634 1872 2665; x_wconf 88' lang='lat' dir='ltr'><strong>are</strong></span> <span class='ocrx_word' id='word_1_217' title='bbox 1896 2621 2065 2678; x_wconf 87' lang='lat' dir='ltr'><strong>placed</strong></span> <span class='ocrx_word' id='word_1_218' title='bbox 2096 2621 2143 2664; x_wconf 91' lang='lat' dir='ltr'><strong>in</strong></span> <span class='ocrx_word' id='word_1_219' title='bbox 2172 2619 2332 2678; x_wconf 79' lang='lat' dir='ltr'><strong>juxta·</strong></span> <span class='ocrx_word' id='word_1_220' title='bbox 2381 2689 2389 2696; x_wconf 74' lang='lat'><strong>,</strong></span> 
     </span>
    </p>
   </div>
   <div class='ocr_carea' id='block_1_23' title="bbox 1420 2696 2332 3416">
    <p class='ocr_par' dir='ltr' id='par_1_27' title="bbox 1422 2696 2125 2755">
     <span class='ocr_line' id='line_1_37' title="bbox 1422 2696 2125 2755; baseline -0.003 -13"><span class='ocrx_word' id='word_1_221' title='bbox 1422 2698 1644 2755; x_wconf 85' lang='lat' dir='ltr'><strong>position,</strong></span> <span class='ocrx_word' id='word_1_222' title='bbox 1666 2696 1739 2741; x_wconf 84' lang='lat' dir='ltr'><strong>for</strong></span> <span class='ocrx_word' id='word_1_223' title='bbox 1760 2696 1869 2740; x_wconf 83' lang='lat' dir='ltr'><em>tollo</em></span> <span class='ocrx_word' id='word_1_224' title='bbox 1887 2712 1924 2728; x_wconf 93' lang='lat'>=</span> <span class='ocrx_word' id='word_1_225' title='bbox 1940 2696 2125 2753; x_wconf 83' lang='lat' dir='ltr'><strong>suffero.</strong></span> 
     </span>
    </p>

    <p class='ocr_par' dir='ltr' id='par_1_28' title="bbox 1420 2770 2332 3203">
     <span class='ocr_line' id='line_1_38' title="bbox 1483 2770 2332 2828; baseline -0.002 -11"><span class='ocrx_word' id='word_1_226' title='bbox 1483 2774 1551 2817; x_wconf 88' lang='lat'><strong>18.</strong></span> <span class='ocrx_word' id='word_1_227' title='bbox 1573 2772 1815 2828; x_wconf 80' lang='lat' dir='ltr'><strong>Sibyllinis</strong></span> <span class='ocrx_word' id='word_1_228' title='bbox 1825 2783 1843 2817; x_wconf 87' lang='lat'><strong>.·</strong></span> <span class='ocrx_word' id='word_1_229' title='bbox 1862 2771 1994 2815; x_wconf 84' lang='lat' dir='ltr'><strong>there</strong></span> <span class='ocrx_word' id='word_1_230' title='bbox 2008 2782 2128 2814; x_wconf 89' lang='lat' dir='ltr'><strong>were</strong></span> <span class='ocrx_word' id='word_1_231' title='bbox 2142 2770 2332 2815; x_wconf 88' lang='lat' dir='ltr'><strong>several</strong></span> 
     </span>
     <span class='ocr_line' id='line_1_39' title="bbox 1421 2843 2326 2905; baseline -0.003 -14"><span class='ocrx_word' id='word_1_232' title='bbox 1421 2846 1671 2905; x_wconf 87' lang='lat' dir='ltr'><strong>prophetie</strong></span> <span class='ocrx_word' id='word_1_233' title='bbox 1711 2858 1899 2890; x_wconf 88' lang='lat' dir='ltr'><strong>women</strong></span> <span class='ocrx_word' id='word_1_234' title='bbox 1942 2844 2093 2889; x_wconf 87' lang='lat' dir='ltr'><strong>called</strong></span> <span class='ocrx_word' id='word_1_235' title='bbox 2135 2843 2326 2903; x_wconf 79' lang='lat' dir='ltr'><strong>Sibyls3</strong></span> 
     </span>
     <span class='ocr_line' id='line_1_40' title="bbox 1423 2918 2329 2975; baseline -0.002 -9"><span class='ocrx_word' id='word_1_236' title='bbox 1423 2922 1515 2966; x_wconf 84' lang='lat' dir='ltr'><strong>this</strong></span> <span class='ocrx_word' id='word_1_237' title='bbox 1535 2934 1632 2965; x_wconf 88' lang='lat' dir='ltr'><strong>was</strong></span> <span class='ocrx_word' id='word_1_238' title='bbox 1653 2920 1733 2964; x_wconf 88' lang='lat' dir='ltr'><strong>the</strong></span> <span class='ocrx_word' id='word_1_239' title='bbox 1756 2920 2010 2965; x_wconf 88' lang='lat' dir='ltr'><strong>Cumaean</strong></span> <span class='ocrx_word' id='word_1_240' title='bbox 2043 2918 2188 2975; x_wconf 84' lang='lat' dir='ltr'><strong>Sibyl,</strong></span> <span class='ocrx_word' id='word_1_241' title='bbox 2210 2932 2329 2964; x_wconf 86' lang='lat' dir='ltr'><strong>con·</strong></span> 
     </span>
     <span class='ocr_line' id='line_1_41' title="bbox 1422 2992 2330 3053; baseline -0.002 -12"><span class='ocrx_word' id='word_1_242' title='bbox 1422 2997 1579 3041; x_wconf 87' lang='lat' dir='ltr'><strong>sulted</strong></span> <span class='ocrx_word' id='word_1_243' title='bbox 1619 2997 1681 3053; x_wconf 91' lang='lat' dir='ltr'><strong>by</strong></span> <span class='ocrx_word' id='word_1_244' title='bbox 1721 2996 1913 3039; x_wconf 88' lang='lat' dir='ltr'><strong>Aeneas</strong></span> <span class='ocrx_word' id='word_1_245' title='bbox 1953 2992 2118 3038; x_wconf 84' lang='lat' dir='ltr'><strong>before</strong></span> <span class='ocrx_word' id='word_1_246' title='bbox 2149 2993 2211 3036; x_wconf 90' lang='lat' dir='ltr'><strong>he</strong></span> <span class='ocrx_word' id='word_1_247' title='bbox 2242 2994 2330 3039; x_wconf 89' lang='lat' dir='ltr'><strong>de-</strong></span> 
     </span>
     <span class='ocr_line' id='line_1_42' title="bbox 1421 3068 2325 3122; baseline -0.001 -7"><span class='ocrx_word' id='word_1_248' title='bbox 1421 3071 1632 3115; x_wconf 89' lang='lat' dir='ltr'><strong>scended</strong></span> <span class='ocrx_word' id='word_1_249' title='bbox 1664 3077 1713 3115; x_wconf 94' lang='lat' dir='ltr'><strong>to</strong></span> <span class='ocrx_word' id='word_1_250' title='bbox 1744 3070 1824 3113; x_wconf 91' lang='lat' dir='ltr'><strong>the</strong></span> <span class='ocrx_word' id='word_1_251' title='bbox 1858 3069 2028 3113; x_wconf 90' lang='lat' dir='ltr'><strong>Lower</strong></span> <span class='ocrx_word' id='word_1_252' title='bbox 2057 3068 2248 3122; x_wconf 82' lang='lat' dir='ltr'><strong>World‚</strong></span> <span class='ocrx_word' id='word_1_253' title='bbox 2270 3081 2325 3114; x_wconf 81' lang='lat' dir='ltr'><strong>as</strong></span> 
     </span>
     <span class='ocr_line' id='line_1_43' title="bbox 1420 3143 2202 3203; baseline -0.003 -13"><span class='ocrx_word' id='word_1_254' title='bbox 1420 3146 1581 3203; x_wconf 89' lang='lat' dir='ltr'><strong>Vergil</strong></span> <span class='ocrx_word' id='word_1_255' title='bbox 1605 3147 1706 3189; x_wconf 85' lang='lat' dir='ltr'><strong>tells</strong></span> <span class='ocrx_word' id='word_1_256' title='bbox 1728 3145 1776 3189; x_wconf 92' lang='lat' dir='ltr'><strong>in</strong></span> <span class='ocrx_word' id='word_1_257' title='bbox 1799 3144 1878 3188; x_wconf 91' lang='lat' dir='ltr'><strong>the</strong></span> <span class='ocrx_word' id='word_1_258' title='bbox 1898 3143 1978 3188; x_wconf 84' lang='lat' dir='ltr'><strong>6th</strong></span> <span class='ocrx_word' id='word_1_259' title='bbox 2000 3143 2202 3189; x_wconf 87' lang='lat' dir='ltr'><strong>Aeneid.</strong></span> 
     </span>
    </p>

    <p class='ocr_par' dir='ltr' id='par_1_29' title="bbox 1421 3218 2325 3353">
     <span class='ocr_line' id='line_1_44' title="bbox 1483 3218 2325 3278; baseline -0.004 -13"><span class='ocrx_word' id='word_1_260' title='bbox 1483 3223 1548 3268; x_wconf 88' lang='lat'><strong>18.</strong></span> <span class='ocrx_word' id='word_1_261' title='bbox 1591 3220 1847 3278; x_wconf 83' lang='lat' dir='ltr'><strong>Tarquinio</strong></span> <span class='ocrx_word' id='word_1_262' title='bbox 1870 3219 2101 3276; x_wconf 82' lang='lat' dir='ltr'><strong>Superbo:</strong></span> <span class='ocrx_word' id='word_1_263' title='bbox 2135 3218 2214 3263; x_wconf 89' lang='lat' dir='ltr'><strong>the</strong></span> <span class='ocrx_word' id='word_1_264' title='bbox 2236 3219 2325 3262; x_wconf 85' lang='lat' dir='ltr'><strong>last</strong></span> 
     </span>
     <span class='ocr_line' id='line_1_45' title="bbox 1421 3295 1798 3353; baseline 0 -14"><span class='ocrx_word' id='word_1_265' title='bbox 1421 3296 1537 3353; x_wconf 89' lang='lat' dir='ltr'><strong>king</strong></span> <span class='ocrx_word' id='word_1_266' title='bbox 1558 3295 1612 3340; x_wconf 84' lang='lat' dir='ltr'><strong>of</strong></span> <span class='ocrx_word' id='word_1_267' title='bbox 1629 3296 1798 3340; x_wconf 86' lang='lat' dir='ltr'><strong>Rome.</strong></span> 
     </span>
    </p>

    <p class='ocr_par' dir='ltr' id='par_1_30' title="bbox 1481 3369 2210 3416">
     <span class='ocr_line' id='line_1_46' title="bbox 1481 3369 2210 3416; baseline -0.003 0"><span class='ocrx_word' id='word_1_268' title='bbox 1481 3384 1549 3416; x_wconf 85' lang='lat'><strong>20.</strong></span> <span class='ocrx_word' id='word_1_269' title='bbox 1581 3372 1742 3415; x_wconf 82' lang='lat' dir='ltr'><strong>Anus:</strong></span> <span class='ocrx_word' id='word_1_270' title='bbox 1778 3373 1867 3415; x_wconf 85' lang='lat' dir='ltr'><strong>&#39;an</strong></span> <span class='ocrx_word' id='word_1_271' title='bbox 1890 3370 1972 3415; x_wconf 89' lang='lat' dir='ltr'><strong>old</strong></span> <span class='ocrx_word' id='word_1_272' title='bbox 1992 3369 2210 3415; x_wconf 86' lang='lat' dir='ltr'><strong>woman.&#39;</strong></span> 
     </span>
    </p>
   </div>
   <div class='ocr_carea' id='block_1_24' title="bbox 2457 314 2463 412">
    <p class='ocr_par' dir='ltr' id='par_1_31' title="bbox 2457 314 2463 412">
     <span class='ocr_line' id='line_1_47' title="bbox 2457 314 2463 348; baseline 0 0"><span class='ocrx_word' id='word_1_273' title='bbox 2457 314 2463 348; x_wconf 67' lang='lat'>³</span> 
     </span>
     <span class='ocr_line' id='line_1_48' title="bbox 2461 357 2462 412; baseline 0 0"><span class='ocrx_word' id='word_1_274' title='bbox 2461 357 2462 412; x_wconf 56' lang='lat' dir='ltr'><strong>l</strong></span> 
     </span>
    </p>
   </div>
   <div class='ocr_carea' id='block_1_25' title="bbox 2458 433 2465 498">
    <p class='ocr_par' dir='ltr' id='par_1_32' title="bbox 2458 433 2465 498">
     <span class='ocr_line' id='line_1_49' title="bbox 2458 433 2465 498; baseline 0 0"><span class='ocrx_word' id='word_1_275' title='bbox 2458 433 2465 498; x_wconf 64' lang='lat' dir='ltr'><strong>l</strong></span> 
     </span>
    </p>
   </div>
   <div class='ocr_carea' id='block_1_26' title="bbox 2463 503 2464 650">
    <p class='ocr_par' dir='ltr' id='par_1_33' title="bbox 2463 503 2464 650">
     <span class='ocr_line' id='line_1_50' title="bbox 2463 503 2464 650; baseline 0 0"><span class='ocrx_word' id='word_1_276' title='bbox 2463 503 2464 650; x_wconf 95' lang='lat' dir='ltr'><strong> </strong></span> 
     </span>
    </p>
   </div>
  </div>
 </body>
</html>
