2475 3617
423 145 608 228 Fzfljy
655 143 906 209 Stories
930 145 1118 228 from
1164 144 1387 207 Aulus
1437 142 1695 207 Gellius
1935 160 2009 226 17

108 342 379 416 viderint,
411 342 754 400 fortissimus
797 342 1045 416 quisque
1088 351 1148 399 et
1184 340 1660 416 promptissimus
1693 341 1769 399 ad
1801 360 2006 400 occur-

109 440 358 498 sandum
391 439 892 514 pugnandumque
925 439 981 496 in
1013 457 1115 496 eos
1144 448 1587 514 praevertentur
1628 457 1865 514 unoque
1910 439 2008 498 illo

108 538 350 613 negotio
408 555 534 595 sese
584 537 902 612 alligabunt
959 547 1135 611 atque
1193 536 1273 593 illi
1330 554 1541 594 omnes
1596 535 2011 612 quadringenti

20 700 25 706 y
108 636 316 711 procul
361 634 545 693 dubio
595 634 1117 693 obtruncabuntur.
1200 634 1256 690 T
1257 651 1373 689 unc
1423 633 1645 691 interea
1701 635 2007 709 occupatis

108 734 168 790 in
213 751 285 790 ea
331 732 519 790 caede
565 731 828 790 hostibus
865 743 1098 805 tempus
1135 731 1427 788 exercitus
1458 749 1531 788 ex
1560 730 1674 788 hoc
1704 732 1840 790 loco
1870 732 2011 790 edu-

106 829 283 888 cendi
341 829 604 888 habebis.
709 830 840 887 Alia
895 829 1005 886 nisi
1063 827 1212 886 haec
1271 828 1469 886 salutis
1517 829 1611 885 via
1665 829 1824 885 nulla
1879 832 2006 887 est.'

107 928 332 987 Consul
375 927 608 986 tribuno
652 926 977 1002 respondit,
1017 926 1327 984 consilium
1362 925 1606 1000 quidem
1635 925 1790 983 istud
1821 944 2009 1001 aeque

106 1024 426 1101 providens
461 1025 569 1083 sibi
599 1025 849 1083 viderier
868 1045 886 1097 3
933 1029 948 1054 ‘
968 1023 1084 1082 Sed
1114 1023 1256 1081 istos
1280 1025 1292 1049 ’
1323 1023 1510 1097 inquit
1539 1027 1555 1054 ‘
1577 1023 1789 1081 milites
1819 1025 2005 1098 quad—

103 1124 408 1198 ringentos
436 1121 515 1180 ad
543 1141 679 1180 eum
709 1123 904 1180 locum
936 1122 996 1178 in
1025 1121 1284 1179 hostium
1319 1111 1539 1179 cuneos
1583 1122 1851 1195 quisnam
1897 1123 2007 1180 erit

102 1221 204 1295 qui
235 1220 494 1279 ducat?'
579 1220 671 1278 ‘Si
716 1219 929 1276 alium'
975 1219 1164 1293 inquit
1208 1218 1471 1277 tribunus
1513 1219 1849 1277 ‘neminem
1878 1237 2009 1293 rep-

104 1319 282 1394 peris,
322 1335 416 1375 me
459 1317 598 1376 licet
631 1317 708 1375 ad
737 1317 853 1374 hoc
881 1316 1208 1392 periculum
1239 1326 1403 1374 utare
1426 1337 1443 1388 3
1488 1334 1600 1391 ego
1629 1317 1781 1373 hanc
1810 1318 1917 1375 tibi
1948 1326 2009 1374 et

104 1416 468 1491 reipublicae
523 1415 780 1472 animam
836 1413 955 1472 do.’
1062 1414 1287 1472 Consul
1340 1414 1575 1473 tribuno
1630 1414 1842 1489 gratias
1892 1415 2007 1472 lau·

104 1515 334 1588 desque
380 1513 516 1588 agit.
616 1513 911 1570 Tribunus
957 1522 1016 1570 et
1058 1511 1475 1587 quadringenti
1517 1512 1594 1570 ad
1634 1511 2006 1570 moriendum

103 1610 574 1686 proficiscuntur.
698 1611 922 1669 Hostes
986 1628 1189 1666 eorum
1255 1608 1562 1666 audaciam
1627 1609 2005 1681 demirantur,

103 1727 390 1783 quorsum
425 1709 508 1766 ire
544 1717 811 1783 pergant,
848 1708 908 1764 in
951 1706 1324 1782 expectando
1368 1718 1518 1766 sunt.
1603 1707 1719 1767 Sed
1762 1708 1864 1767 ubi
1907 1728 2009 1783 ap-

104 1808 317 1882 paruit,
367 1803 445 1864 ad
502 1822 636 1863 eam
681 1823 984 1866 verrucam
1042 1804 1455 1880 occupandam
1513 1805 1624 1863 iter
1678 1805 2005 1878 intendere,

107 1905 287 1963 mittit
343 1903 656 1961 adversum
698 1903 828 1962 illos
871 1903 1192 1977 imperator
1234 1903 1731 1977 Carthaginiensis
1776 1902 2002 1978 pedita—

106 2018 228 2066 tum
272 2007 736 2083 equitatumque,
768 2021 916 2078 quos
958 2003 1020 2058 in
1062 2000 1321 2058 exercitu
1357 2002 1508 2059 viros
1547 2001 1750 2059 habuit
1784 2011 2005 2059 strenu-

107 2106 354 2165 issimos,
462 2103 718 2163 Romani
768 2101 983 2158 milites
1029 2099 1579 2168 circumveniuntur,
1624 2099 2005 2158 circumventi

107 2213 437 2279 repugnant
459 2223 476 2275 3
540 2202 606 2260 fit
649 2199 941 2276 proelium
987 2195 1088 2253 diu
1133 2213 1371 2271 anceps,
1453 2194 1724 2253 Tandem
1771 2207 2007 2271 superat

108 2301 442 2360 multitudo,
515 2296 943 2374 Quadringenti
975 2313 1180 2353 omnes
1207 2311 1343 2350 cum
1374 2312 1494 2351 uno
1523 2295 1768 2368 perfossi
1797 2294 2007 2369 gladiis

106 2409 205 2457 aut
250 2398 563 2457 missilibus
609 2396 800 2472 operti
845 2393 1084 2452 cadunt.
1169 2392 1392 2452 Consul
1436 2391 1689 2462 interim,
1737 2390 1879 2449 dum
1925 2393 2006 2452 ibi

106 2507 413 2572 pugnatur,
446 2514 508 2554 se
538 2495 596 2552 in
624 2494 788 2553 locos
818 2501 976 2550 tutos
1004 2500 1182 2565 atque
1214 2489 1405 2547 editos
1434 2488 1727 2547 subducit.

188 2594 304 2653 Sed
349 2592 511 2669 quod
560 2592 639 2650 illi
677 2591 930 2663 tribuno,
966 2589 1102 2648 duci
1146 2588 1395 2645 militurn
1424 2585 2002 2661 quadringentorum,

106 2690 385 2750 divinitus
429 2692 491 2748 in
537 2708 610 2748 eo
653 2689 880 2764 proelio
924 2705 1060 2745 usus
1103 2686 1280 2756 venit,
1326 2702 1446 2742 non
1484 2684 1600 2741 iam
1636 2684 1866 2755 nostris,
1903 2685 2009 2743 sed
2086 2711 2101 2722 -

64 2841 77 2855 ,
105 2788 287 2863 ipsius
330 2788 575 2848 Catonis
602 2787 793 2846 verbis
830 2785 1220 2844 subiecimus:
1270 2783 1370 2840 Dii
1402 2783 1741 2840 inmortales
1770 2781 2004 2840 tribuno

105 2885 356 2945 militum
423 2886 714 2948 fortunam
780 2903 852 2942 ex
905 2883 1116 2941 virtute
1180 2882 1304 2938 eius
1359 2879 1600 2938 dedere.
1713 2881 1870 2937 Nam
1925 2880 2007 2937 ita

162 3072 208 3116 3.
239 3060 344 3104 Sese
357 2969 649 3117 αἰῖιζξαόἓζιίῐ
677 3057 794 3102 ‘will
816 3056 1002 3100 involve
1162 3066 1232 3098 21.
1272 3053 1439 3097 Omnes
1473 3065 1575 3096 cum
1611 3065 1702 3095 uno
1719 3067 1737 3095 .·
1775 3051 1862 3095 ‘all
1895 3057 1945 3096 to
1976 3065 2005 3095 a

102 3134 417 3180 themselves!
1105 3129 1247 3174 man!

164 3211 210 3254 8.
254 3210 492 3254 Viderier:
526 3207 715 3252 archaic
740 3206 812 3250 sor
835 3206 1002 3250 videri.
1164 3215 1233 3261 25.
1280 3203 1399 3246 Usus
1426 3202 1586 3248 venit:
1634 3201 1830 3256 ‘best-211:
1863 3201 2005 3259 ‘hap-

159 3296 208 3339 9.
247 3284 414 3328 Cuneos
438 3298 456 3327 :
543 3285 553 3302 ‘
577 3281 786 3335 masses‚'
875 3282 885 3300 ⁸
911 3280 1005 3325 col·
1105 3277 1264 3335 pened
1285 3276 1367 3321 to.'

20 3393 21 3396 η
101 3357 279 3404 umus?

2058 1246 2109 1275 10

2053 2224 2107 2254 20
