2475 3617
30 233 33 320 l

29 705 37 834 .

29 871 39 1234 Ι

29 1267 41 1636 ἔ

29 1901 37 2032 .

29 2063 37 2428 Ε

29 2459 37 2842 ἱ

29 2869 37 3214 ἐ

29 3255 35 3586 !

528 176 709 258 Fzsty
758 176 1004 240 Storz'es
1030 176 1217 257 from
1266 174 1485 237 Aulus
1536 174 1788 238 Gellius
2021 177 2102 256 65

211 392 298 432 res
346 391 483 431 eum
528 372 687 447 apud
734 373 981 430 militum
1027 372 1256 429 animos
1299 370 1672 430 adiuvabant.
1759 370 1912 429 Illud
1957 371 2111 431 adeo

211 471 424 531 Sertori
459 470 658 529 nobile
693 480 817 528 est:
871 471 1061 529 Cerva
1099 469 1232 528 alba
1276 470 1522 527 eximiae
1562 469 2009 544 pulchritudinis
2052 479 2113 529 et

209 568 606 628 vivacissimae
641 568 955 626 celeritatis
989 586 1025 624 a
1064 568 1344 626 Lusitano
1382 567 1437 625 ei
1470 567 1731 642 quodam
1772 568 1934 626 dono
1973 567 2113 626 data

212 676 315 725 est.
400 667 578 724 Hanc
621 665 730 724 sibi
774 665 1033 724 oblatam
1078 664 1362 734 divinitus
1400 675 1458 722 et
1501 665 1837 723 instinctam
1883 665 2111 723 Dianae

211 764 448 821 numine
511 763 789 838 conloqui
857 781 1058 820 secum
1120 780 1480 837 monereque
1548 772 1607 820 et
1668 762 1905 840 docere,
1962 781 2113 837 quae

211 861 372 919 utilia
428 861 584 918 factu
641 870 854 931 essent,
913 859 1270 935 persuadere
1326 859 1600 918 omnibus
1657 860 1863 917 institit
1920 879 2008 933 ac,
2066 861 2114 918 si

211 956 353 1033 quid
387 957 588 1015 durius
625 958 952 1030 videbatur,
982 958 1146 1033 quod
1185 957 1595 1032 imperandum
1632 958 1908 1016 militibus
1944 958 2113 1031 foret,

211 1075 245 1114 a
298 1074 473 1113 cerva
528 1074 655 1114 sese
713 1056 1002 1113 monitum
1057 1054 1457 1130 praedicabat.
1562 1054 1634 1112 Id
1684 1073 1819 1112 curn
1871 1056 2113 1127 dixerat,

211 1154 480 1225 universi,
524 1162 826 1228 tamquam
869 1154 916 1211 si
958 1153 1094 1225 de0,
1129 1152 1381 1211 libentes
1424 1153 1726 1228 parebant.
1814 1155 1903 1210 Ea
1944 1172 2118 1211 cerva

211 1249 472 1325 quodam
515 1250 630 1322 die,
667 1270 803 1307 cum
845 1251 1101 1322 incursio
1144 1261 1298 1308 esset
1340 1250 1596 1308 hostium
1641 1251 1923 1323 nuntiata,
1960 1250 2115 1308 festi-

212 1349 451 1406 natione
510 1366 581 1405 ac
636 1348 884 1405 tumultu
943 1357 1317 1406 consternata
1371 1348 1433 1405 in
1481 1348 1676 1423 fugam
1733 1366 1796 1406 se
1853 1349 2119 1423 prorupit

208 1455 388 1524 atque
423 1445 484 1501 in
524 1445 738 1520 palude
777 1445 1044 1520 proxima
1083 1444 1315 1503 delituit
1353 1453 1414 1502 et
1452 1455 1661 1519 postea
1702 1446 1981 1520 requisita
2015 1464 2114 1521 pe-

212 1542 350 1600 risse
375 1542 601 1601 credita
624 1552 731 1600 est.
798 1544 1009 1617 Neque
1042 1542 1235 1600 multis
1267 1543 1475 1601 diebus
1506 1553 1640 1618 post
1669 1543 1966 1601 inventam
1990 1562 2117 1602 esse

213 1658 444 1697 cervam
484 1640 739 1699 Sertorio
780 1640 1092 1698 nuntiatur.
1175 1641 1349 1711 Tum,
1394 1641 1495 1714 qui
1534 1641 1915 1713 nuntiaverat,
1954 1641 2118 1699 iussit

213 1746 407 1795 tacere
451 1756 541 1809 ae,
583 1756 657 1795 ne
702 1738 797 1795 cui
839 1739 1033 1813 palam
1079 1737 1325 1809 diceret,
1372 1738 1778 1796 interminatus
1822 1749 1909 1796 est
1952 1757 2118 1814 prae-

212 1835 510 1910 cepitque,
539 1845 604 1893 ut
646 1853 777 1892 eam
821 1845 1058 1909 postero
1103 1835 1200 1893 die
1246 1845 1491 1911 repente
1535 1836 1591 1893 in
1639 1854 1774 1893 eum
1814 1837 2027 1908 locum,
2058 1837 2119 1894 in

211 1949 330 2007 quo
369 1932 496 2006 ipse
535 1951 671 1989 cum
708 1933 911 1990 amicis
952 1942 1124 2004 esset,
1154 1933 1493 1991 inmitteret.
1578 1933 1863 1992 Admissis
1899 1934 2117 1993 deinde

211 2030 415 2087 amicis
463 2028 765 2105 postridie,
809 2030 998 2087 visum
1048 2030 1158 2088 sibi
1202 2049 1330 2088 esse
1373 2031 1454 2089 ait
1495 2030 1557 2088 in
1601 2032 1818 2106 quiete,
1861 2050 2114 2104 cervam,

211 2145 363 2202 quae
402 2127 667 2201 perisset,
699 2127 775 2186 ad
817 2146 880 2185 se
926 2128 1138 2185 reverti
1182 2138 1260 2201 et,
1290 2138 1355 2186 ut
1396 2129 1553 2203 prius
1596 2140 1923 2201 consuerat,
1953 2130 2115 2205 quod

2166 1278 2219 1308 10

2168 1765 2215 1812 ι5

211 2243 360 2300 opus
409 2235 564 2283 esset
613 2225 770 2283 facto
822 2225 1165 2300 praedicere
1188 2248 1205 2299 3
1269 2236 1394 2284 tum
1442 2245 1610 2285 servo
1656 2226 1818 2301 quod
1867 2227 2116 2303 impera·
2163 2255 2218 2286 κο

208 2333 373 2382 verat
410 2323 715 2398 significat,
746 2342 918 2380 cerva
951 2324 1162 2381 emissa
1191 2325 1254 2381 in
1291 2324 1625 2382 cubiculum
1660 2326 1898 2384 Sertorii
1938 2326 2114 2384 intro-

210 2420 385 2497 rupit,
416 2420 637 2478 clamor
677 2421 861 2478 sactus
905 2430 964 2478 et
1006 2431 1135 2479 orta
1174 2420 1484 2479 admiratio
1528 2431 1634 2480 est.

293 2522 501 2596 anue
558 2520 863 2577 hominum
927 2519 1307 2579 barbarorum
1368 2519 1682 2577 credulitas
1741 2520 1998 2579 Sertorio
2055 2521 2116 2578 in

210 2619 439 2694 magnis
476 2618 649 2675 rebus
688 2636 902 2693 magno
937 2618 1065 2675 usui
1100 2618 1224 2675 fuit.
1312 2618 1605 2675 Memoria
1638 2617 1872 2691 prodita
1906 2627 2013 2690 est,
2044 2637 2117 2676 ex

209 2716 301 2774 his
344 2715 696 2786 nationibuS,
726 2733 878 2789 quae
922 2734 1058 2772 cum
1101 2715 1357 2774 Sertorio
1404 2715 1716 2786 faciebant,
1748 2734 1882 2772 cum
1925 2716 2118 2775 multis
2161 2742 2211 2789 ²5

209 2813 448 2889 proeliis
483 2822 787 2887 superatus
827 2821 999 2883 esset,
1029 2813 1329 2869 neminem
1367 2831 1647 2887 umquam
1691 2814 1766 2871 ab
1809 2832 1882 2871 eo
1926 2814 2112 2871 desci-

206 2912 378 2983 visse,
409 2928 769 2986 quamquam
797 2909 860 2967 id
893 2928 1077 2985 genus
1114 2909 1422 2968 hominum
1458 2920 1613 2968 esset
1649 2910 2112 2969 mobilissimum.

298 3096 339 3128 2.
369 3083 460 3127 No
472 3081 498 3125 b
512 3082 532 3126 z·
544 3081 567 3124 l
574 3096 598 3125 e
616 3094 633 3127 .·
685 3083 695 3101 ⁸
715 3080 929 3135 famous:
981 3082 992 3101 ‘
1009 3080 1113 3124 well
1276 3092 1343 3138 15.
1376 3081 1710 3125 Interminatus
1725 3093 1741 3128 .·
1768 3080 1991 3125 ‘forbade
2004 3081 2114 3126 with

207 3156 420 3202 known.'
1215 3155 1422 3200 threats.’

298 3245 342 3277 2.
380 3232 527 3276 Cerva
546 3246 564 3275 .·
594 3233 652 3275 ‘a
673 3230 795 3275 doe!
1277 3231 1344 3274 18.
1377 3230 1433 3273 In
1457 3229 1638 3287 quiete:
1671 3231 1682 3249 ‘
1701 3229 1748 3272 in
1770 3243 1798 3272 a
1821 3228 2014 3274 dream!

297 3320 340 3363 4.
372 3306 677 3351 Instinctam:
711 3304 976 3361 ‘inspired.'
1273 3316 1343 3359 27.
1377 3303 1737 3346 Mobilis-simum
1755 3302 2111 3349 .·‘mostfickle.'

273 3393 341 3427 12.
372 3379 611 3425 Delitutt:
641 3381 651 3399 ⁴
668 3378 753 3424 hid
774 3377 975 3425 herself.'
