2475 3617
363 192 448 255 68
681 191 866 275 Fg'fty
914 193 1166 256 Stories
1191 193 1381 274 from
1427 191 1646 255 Aulus
1697 192 1952 255 Gellius

364 386 638 462 ablegato
683 387 920 459 Arione,
966 386 1401 446 dissimulanter
1455 388 1858 464 interrogasse,
1904 388 2121 464 ecquid
2167 407 2274 447 au-

364 484 590 543 dissent
639 485 699 542 in
747 485 837 542 his
885 485 1048 556 locis,
1092 484 1253 543 unde
1298 485 1613 558 venissent,
1659 503 1836 561 super
1883 487 2120 558 Arione,
2165 504 2273 545 eos

363 582 596 654 dixisse,
641 582 963 653 hominem,
999 601 1136 640 cum
1179 581 1320 641 inde
1363 584 1532 654 irent,
1577 584 1637 640 in
1680 594 1832 641 terra
1876 583 2044 642 Italia
2089 583 2271 642 fuisse

366 697 618 754 eumque
660 679 777 737 illic
822 680 974 738 bene
1021 680 1241 755 agitare
1287 690 1348 738 et
1391 681 1596 739 studiis
1652 680 2270 756 delectationibusque

263 803 285 850 5
358 778 590 836 urbium
637 777 844 835 florere
896 787 1072 852 atque
1119 778 1180 835 in
1221 778 1407 853 gratia
1448 778 1818 853 pecuniaque
1863 796 2076 854 magna
2117 796 2269 854 opu-

361 876 586 934 lentum
641 875 1115 950 fortunatumque
1194 893 1345 933 esse.
1431 877 1586 933 Tum
1646 876 1800 934 inter
1853 875 2003 934 haec
2059 894 2269 934 eorum

360 974 541 1031 verba
577 973 857 1030 Arionem
906 991 1043 1030 cum
1089 972 1305 1031 fidibus
1349 983 1409 1031 et
1450 972 1827 1045 indumentiS‚
1862 992 1998 1030 cum
2051 972 2269 1047 quibus

361 1088 424 1129 se
470 1071 530 1128 in
580 1070 766 1128 salum
823 1071 1227 1142 eiaculaverat,
1286 1071 1564 1141 extitisse,
1621 1071 1845 1128 navitas
1901 1071 2269 1145 stupefactos

361 1168 785 1243 convictosque
856 1167 940 1225 ire
1011 1168 1225 1225 infitias
1297 1186 1418 1227 non
1485 1168 1699 1242 quisse.
1785 1170 1933 1225 Eam
2006 1168 2268 1226 fabulam

263 1294 316 1325 10
358 1266 557 1324 dicere
616 1265 860 1324 Lesbios
915 1276 976 1323 et
1026 1265 1364 1324 Corinthios
1413 1275 1589 1340 atque
1634 1284 1761 1324 esse
1813 1264 2044 1324 fabulae
2094 1283 2268 1341 argu-

362 1373 646 1436 mentum,
690 1362 854 1438 quod
911 1363 1220 1421 simulacra
1275 1363 1397 1422 duo
1452 1381 1639 1421 aenea
1680 1361 1758 1420 ad
1798 1363 2133 1421 Taenarum
2181 1364 2267 1421 vi-

362 1471 642 1532 serentur,
686 1461 998 1535 delphinus
1040 1461 1263 1519 vehens
1305 1470 1365 1519 et
1405 1460 1589 1520 homo
1631 1459 1911 1519 insidens·

894 1859 1017 1916 50.
1071 1862 1161 1927 (N.
1187 1864 1250 1911 A.
1275 1862 1445 1912 XVII.
1469 1862 1625 1926 xvrr.)

359 2025 683 2092 Mitridatem,
710 2025 856 2074 Ponti
882 2040 1068 2088 regem,
1105 2026 1315 2076 duarum
1351 2031 1401 2074 et
1434 2025 1612 2087 viginti
1648 2024 1874 2086 gentium
1908 2023 2090 2087 linguis
2122 2023 2264 2074 locu—

262 2122 312 2170 15
437 2116 566 2166 tum;
609 2108 950 2171 Quintumque
987 2108 1206 2156 Ennium
1229 2107 1325 2155 tria
1349 2109 1503 2156 corda
1537 2107 1722 2156 habere
1758 2121 1867 2155 sese
1902 2106 2097 2165 dixisse,
2122 2109 2268 2171 quod

440 2191 527 2240 tris
548 2190 745 2253 linguas
762 2190 1119 2255 perealluisset,
1145 2190 1407 2249 Graecam,
1432 2190 1633 2248 oscam,
1659 2189 1907 2239 Latinam.

440 2342 692 2416 Quintus
732 2341 957 2399 Ennius
998 2340 1108 2398 tria
1149 2340 1334 2399 corda
1375 2340 1592 2398 habere
1635 2358 1764 2398 sese
1808 2339 2065 2412 dicebat,
2096 2339 2265 2415 quod

358 2440 520 2516 loqui
547 2441 776 2499 Graece
806 2449 866 2497 et
895 2439 1052 2498 Osce
1081 2448 1141 2496 et
1171 2439 1378 2496 Latine
1409 2439 1602 2496 sciret.
1676 2436 2011 2495 Mitridates
2038 2447 2261 2510 autem,

362 2538 533 2597 Ponti
575 2546 752 2612 atque
792 2537 1098 2612 Bithyniae
1141 2554 1244 2593 rex
1289 2536 1557 2607 inclutuS‚
1605 2534 1705 2610 qui
1743 2554 1779 2594 a
1817 2535 1927 2594 Cn.
1971 2535 2265 2610 Pompeio

258 2637 513 2695 20-bello
544 2645 848 2710 superatus
878 2644 983 2707 est,
1015 2633 1261 2691 duarum
1306 2643 1367 2691 et
1407 2633 1611 2709 viginti
1647 2633 1932 2708 gentium,
1962 2639 2108 2708 quas
2152 2633 2265 2691 sub

447 2823 486 2855 1.
516 2810 778 2868 Ablegato:
807 2811 817 2829 ‘
836 2807 1092 2853 removed!
1358 2808 1406 2852 in
1438 2808 1495 2864 63
1532 2814 1624 2852 B.C.
1659 2806 1722 2863 by
1756 2807 1982 2864 Pompey,
2013 2812 2063 2849 to
2097 2805 2265 2850 whom
2449 2811 2457 2854 ι’

441 2899 486 2943 4.
516 2884 644 2929 Bene
664 2885 850 2942 agitare
873 2897 892 2927 .·
933 2884 943 2902 ⁴
966 2894 1063 2927 was
1107 2882 1258 2941 doing
1356 2882 1437 2926 the
1458 2881 1717 2925 command
1739 2880 1789 2925 in
1810 2881 1891 2925 the
1906 2893 2003 2924 war
2018 2878 2116 2924 had
2133 2879 2264 2925 been

356 2960 488 3006 well:
1357 2956 1497 3014 given
1518 2956 1582 3013 by
1602 2955 1682 2999 the
1707 2955 1944 2999 Manilian
1967 2955 2069 3001 law.
2126 3015 2130 3020 .

443 3047 485 3093 5.
515 3034 741 3079 Florere:
773 3034 895 3077 ‘was
916 3030 1226 3089 prospering!
1420 3042 1487 3088 15.
1518 3031 1733 3074 Ennium
1756 3045 1775 3074 .·
1829 3030 1910 3074 the
1959 3031 1984 3050 ⁸⁸
2008 3028 2163 3074 father
2212 3029 2271 3074 of
2449 3067 2455 3094 ,

445 3111 486 3154 8.
517 3108 777 3153 Insulam:
810 3106 936 3150 'into
957 3107 1036 3149 the
1057 3106 1168 3151 sea.'
1360 3105 1499 3149 Latin
1540 3105 1746 3162 poetry‚”
1787 3105 1909 3150 born
1951 3117 2037 3161 239
2076 3110 2172 3149 B.C.
2212 3110 2266 3148 at

444 3196 487 3238 9.
517 3182 595 3226 Ire
617 3180 826 3237 infitias:
859 3183 934 3224 ‘to
966 3180 1123 3236 deny.’
1184 3179 1258 3225 Cf.
1362 3179 1548 3225 Rudiae
1598 3179 1647 3223 in
1698 3179 1938 3234 Calabria,
1978 3179 2137 3224 where
2178 3178 2264 3224 the

358 3269 405 3313 p.
428 3257 497 3308 26,
518 3256 546 3300 l.
566 3267 637 3298 22.
1358 3254 1636 3311 population
1667 3267 1765 3298 was
1795 3253 1970 3299 mixed.

421 3341 489 3384 14.
522 3327 824 3372 Mitridatem
849 3341 865 3375 :
953 3326 1257 3371 Mithridates
1421 3329 1486 3373 16.
1525 3328 1723 3374 Oscam:
1756 3328 1919 3374 Oscan
1941 3341 2037 3373 was
2058 3327 2138 3372 the
2160 3327 2265 3373 dia-

360 3401 440 3446 the
469 3403 626 3454 Great,
652 3402 819 3460 120-63
850 3408 957 3454 ΒΩ..
980 3402 1258 3458 conquered
1358 3400 1525 3446 lectos
1546 3402 1627 3446 the
1648 3403 1902 3450 Samnites.
