2475 3617
300 156 390 235 64
619 151 803 234 Fifzjy
850 152 1095 216 Stories
1120 154 1310 235 from
1357 152 1577 215 Aulus
1629 152 1886 216 Gellius

305 350 522 427 fugam,
573 349 688 408 tela
763 349 1036 421 volantia,
1110 350 1590 407 instaurationem
1651 367 1903 425 pugnae,
1958 351 2207 426 impres-

301 449 551 519 sionem,
594 447 865 524 gemitus,
907 446 1165 519 vulnera,
1202 447 1454 522 proinde
1502 456 1567 505 ut
1608 447 1655 504 si
1697 448 1824 522 ipse
1867 448 1930 505 in
1978 448 2208 523 proelio

300 555 644 617 versaretur,
688 562 893 603 coram
931 543 1132 602 videre
1183 562 1312 603 sese
1359 544 1707 603 vociferatus
1752 554 1842 604 est
1884 564 1955 603 ac
1996 556 2210 621 postea

302 643 498 702 subito
527 641 894 714 exclamavit,
924 642 1243 701 Caesarem
1270 642 1498 700 vicisse.

202 768 224 815 5
378 742 470 798 Ea
497 740 759 799 Cornelii
802 739 1126 798 sacerdotis
1168 740 1434 798 ariolatio
1475 740 1618 798 levis
1653 749 1779 798 tum
1809 740 2053 815 quidem
2081 741 2210 800 visa

302 849 391 897 est
433 848 493 895 et
533 856 758 896 vecors.
843 838 1101 912 Magnae
1144 856 1285 895 mox
1338 835 1711 896 admirationi
1754 838 1880 910 fuit,
1923 839 2208 912 quoniam

301 954 422 995 non
466 935 648 994 modo
689 953 921 1011 pugnae
965 934 1110 1007 dies,
1154 952 1306 1010 quae
1349 935 1411 993 in
1449 935 1753 993 Thessalia
1796 945 2055 1011 pugnata
2097 946 2206 1007 est,

302 1052 496 1109 neque
540 1033 744 1109 proelii
788 1034 994 1105 exitus,
1038 1033 1139 1108 qui
1182 1042 1308 1090 erat
1351 1033 1705 1107 praedictus,
1742 1031 1901 1090 idem
1941 1033 2066 1105 fuit,
2098 1032 2208 1091 sed

303 1150 509 1190 omnes
551 1149 790 1206 quoque
834 1130 1136 1207 pugnandi
1185 1130 1526 1206 reciprocae
1567 1131 1727 1188 vices
1769 1139 1830 1188 et
1872 1130 2000 1205 ipsa
2042 1149 2207 1189 exer-

203 1258 256 1289 10
298 1230 520 1287 cituum
560 1228 813 1287 duorum
855 1227 1219 1287 conflictatio
1247 1227 1619 1286 vaticinantis
1662 1236 1828 1286 motu
1869 1238 2050 1303 atque
2077 1246 2207 1286 ver-

303 1327 393 1387 bis
421 1335 857 1401 repraesentata
895 1335 1000 1385 est.

894 1563 1019 1619 48.
1074 1565 1165 1630 (N.
1201 1567 1264 1615 A.
1300 1566 1412 1615 XV.
1447 1564 1602 1629 xxu.)

302 1713 528 1763 Historia
577 1714 641 1762 de
690 1713 927 1770 Sertorio,
967 1712 1169 1775 egregio
1210 1713 1357 1771 duce,
1397 1712 1560 1775 deque
1606 1717 1717 1759 astu
1762 1711 1867 1759 eius
1912 1710 2212 1758 commenti-

383 1797 569 1859 ciisque
610 1795 985 1853 simulamentis,
1027 1795 1207 1858 quibus
1254 1796 1320 1843 ad
1364 1795 1602 1842 barbaros
1647 1793 1830 1842 milites
1875 1793 2213 1842 continendos

205 1893 254 1940 15
381 1879 820 1941 conciliandosque
860 1878 953 1925 sibi
997 1877 1239 1925 utebatur.

384 2014 684 2084 SertoriuS,
729 2013 817 2070 vir
860 2030 996 2070 acer
1040 2011 1423 2086 egregiusque
1469 2010 1608 2083 dux,
1649 2021 1709 2069 et
1751 2010 1955 2069 utendi
2000 2028 2210 2086 regen-

301 2111 481 2186 dique
532 2110 820 2167 exercitus
867 2109 1088 2184 peritus
1133 2108 1256 2166 fuit.
1343 2109 1401 2166 Is
1443 2108 1502 2165 in
1547 2109 1913 2183 temporibus
1955 2107 2208 2165 difficili-

303 2210 411 2267 mis
453 2218 512 2265 et
555 2207 949 2265 mentiebatur
983 2205 1060 2263 ad
1104 2206 1335 2277 militeS,
1365 2206 1411 2263 si
1457 2206 1833 2263 mendacium
1878 2205 2208 2280 prodesset,

302 2316 362 2365 et
414 2306 633 2363 litteras
691 2304 1050 2378 compositas
1112 2321 1221 2378 pro
1278 2303 1427 2361 veris
1487 2303 1722 2379 legebat
1788 2312 1847 2360 et
1911 2303 2210 2360 somnium

201 2431 258 2462 20
299 2403 608 2462 simulabat
656 2412 715 2460 et
765 2402 934 2459 falsas
986 2401 1295 2477 religiones
1342 2401 1705 2472 conferebat,
1756 2400 1803 2458 si
1859 2398 2005 2474 quid
2062 2400 2211 2458 istae

392 2588 429 2621 1.
461 2575 851 2619 Instaurationem
875 2588 891 2622 .·
935 2577 945 2595 ⁸
973 2573 1201 2619 renewal.'
1367 2586 1433 2630 13.
1466 2574 1673 2617 Sertorio
1688 2588 1706 2616 .·
1745 2586 1776 2617 a
1808 2573 1998 2617 Roman
2029 2572 2209 2628 officer,

392 2663 430 2695 1.
462 2650 794 2707 [repressionem
814 2663 830 2696 .·
879 2650 1066 2704 ‘onset‚’
1106 2651 1205 2692 ‘as-
1306 2657 1410 2694 sent
1440 2657 1489 2694 to
1521 2651 1669 2706 Spain
1692 2651 1839 2694 about
1863 2652 1918 2707 83
1941 2658 2034 2695 B.C.
2057 2651 2104 2694 in
2129 2651 2210 2696 the

301 2726 457 2779 sault,'
480 2726 691 2771 ‘attach’
1307 2726 1498 2769 interest
1528 2724 1581 2768 of
1607 2725 1685 2768 the
1721 2725 1910 2769 Marian
1940 2733 2093 2783 party,
2125 2726 2208 2770 be-

388 2810 431 2857 5.
463 2801 507 2843 A
520 2801 582 2843 ri
593 2813 619 2843 o
632 2801 755 2844 lati
767 2815 792 2843 0
814 2813 832 2846 .·
898 2802 908 2820 ⁸
932 2799 1202 2857 prophecy,’
1305 2815 1442 2845 came
1458 2802 1538 2845 the
1555 2802 1717 2845 leader
1736 2800 1791 2844 of
1803 2802 1881 2845 the
1900 2800 2209 2845 Lusitanians

302 2874 668 2931 ‘soothsaying.·
1305 2876 1490 2933 against
1517 2876 1597 2920 the
1624 2862 1852 2928 Romans,
1875 2875 1974 2919 and
1998 2875 2113 2919 held
2135 2875 2208 2918 his

388 2960 431 3007 5.
462 2949 600 2993 Levis
632 2983 642 2995 .
675 2983 686 2995 .
717 2983 727 2995 .
762 2953 808 2993 et
826 2962 1013 2996 vecors:
1046 2949 1200 2995 ‘futile
1306 2950 1494 3006 ground
1548 2950 1619 2994 sor
1676 2963 1810 3007 years
1874 2949 2063 3005 against
2127 2949 2207 2992 the

301 3025 399 3070 and
420 3024 680 3069 senseless!
1307 3025 1469 3069 Sullan
1500 3025 1731 3081 generals,
1755 3024 1820 3067 till
1845 3022 1907 3066 he
1928 3036 2028 3069 was
2054 3036 2208 3067 assas-

387 3113 431 3156 9.
464 3101 743 3155 Reciprocae
772 3099 925 3143 vices:
959 3101 1074 3154 ‘ups
1106 3099 1203 3142 and
1305 3099 1489 3142 sinated
1513 3099 1559 3142 in
1580 3113 1639 3154 72
1662 3107 1755 3144 B.C.

303 3174 497 3227 downs,’
527 3176 537 3193 ⁴
561 3172 841 3227 alternating
861 3171 1099 3216 fot-tunes!
1368 3184 1433 3228 19.
1472 3172 1749 3230 Compos-itas
1770 3186 1787 3218 .·
1876 3174 1887 3192 ⁴
1910 3171 2204 3225 fabricated,’

367 3260 432 3292 10.
471 3248 543 3291 Co
555 3246 684 3303 nfli
697 3259 721 3289 c
733 3245 882 3288 tatio
894 3260 911 3286 .·
936 3244 1203 3297 ‘collision,'
1306 3245 1524 3301 ‘forged.'

306 3325 315 3341 ⁴
333 3320 492 3365 strife.'
1366 3332 1433 3362 20.
1465 3320 1628 3362 Falsas
1644 3320 1894 3376 reltssgianes
1910 3321 2175 3379 confirebat
2189 3333 2205 3366 .·

370 3405 435 3437 10.
480 3393 785 3436 Vaticinantis
800 3405 816 3438 :
851 3394 860 3411 ⁸
878 3390 931 3435 of
948 3391 1027 3436 the
1048 3391 1184 3435 seer.'
1308 3393 1318 3410 ‘
1334 3392 1452 3434 used
1473 3398 1521 3435 to
1539 3394 1687 3436 excite
1705 3394 2039 3450 superstitious
2054 3395 2208 3440 fears.'
