2475 3617
455 136 639 220 szty
687 137 937 201 Stories
959 141 1148 220 from
1194 139 1416 202 Aulus
1467 138 1722 203 Gellius
1968 157 2043 221 19

141 338 382 395 alteram
413 354 639 411 pugnas
667 353 949 411 prospere
992 348 1312 410 pugnasset
1355 337 1611 410 satisque
1651 346 1892 411 agerent
1920 338 2039 394 Ro·

142 435 299 492 mani
328 444 389 492 et
418 434 702 508 pleraque
729 434 897 490 Italia
925 432 1002 490 ad
1031 451 1231 509 regem
1264 432 1626 505 descivisset,
1650 445 1774 491 turn
1795 434 2040 492 Ambra-

141 532 354 590 ciensis
399 532 693 606 quispiam
735 532 1141 602 TimochareS,
1190 531 1343 606 regis
1387 531 1545 606 Pyrri
1587 532 1829 603 amicus,
1859 530 1934 588 ad
1971 532 2041 590 C.

142 630 479 688 Fabricium
509 629 809 687 consulem
841 629 1036 686 furtim
1064 629 1226 686 venit
1261 647 1331 685 ac
1368 629 1693 703 praemium
1729 629 1933 704 petivit
1962 639 2040 701 et,

141 728 188 785 si
216 726 296 784 de
327 726 592 801 praemio
619 726 979 797 conveniret,
1005 726 1292 799 promisit,
1318 744 1517 801 regem
1542 727 1785 784 venenis
1813 745 2047 798 necare,
2118 752 2139 798 5

141 823 324 898 idque
370 822 541 880 facile
587 840 714 880 esse
760 824 917 879 factu
961 821 1125 893 dixit,
1165 824 1444 897 quoniam
1488 824 1639 880 filius
1666 842 1801 881 suus
1833 825 2044 897 pocula

140 922 199 978 in
230 921 503 979 convivio
526 920 648 994 regi
671 920 1044 977 ministraret.
1126 921 1275 977 Eam
1301 937 1424 977 rem
1452 921 1752 978 Fabricius
1777 920 1851 978 ad
1877 938 2041 978 sena-

141 1028 267 1076 tum
298 1018 546 1091 scripsit.
633 1018 879 1075 Senatus
922 1017 997 1075 ad
1038 1035 1236 1092 regem
1278 1019 1501 1092 legatos
1532 1018 1689 1076 misit
1718 1016 2041 1076 mandavit-

140 1133 280 1189 que,
313 1124 376 1172 ut
406 1112 481 1170 de
510 1114 864 1171 Timochare
894 1113 1038 1170 nihil
1068 1101 1411 1188 proderent,
1451 1114 1556 1172 sed
1602 1105 1927 1185 monerent,
1957 1115 2042 1171 uti

140 1231 246 1270 rex
295 1212 779 1285 circumspectius
825 1221 1026 1286 ageret
1072 1220 1249 1285 atque
1298 1229 1333 1267 a
1376 1213 1776 1285 proximorum
1823 1211 2048 1269 insidiis
2093 1238 2145 1268 10

139 1310 395 1368 salutem
431 1319 729 1366 tutaretur.
815 1310 955 1366 Hoc
985 1310 1083 1380 ita,
1113 1309 1198 1365 uti
1227 1308 1501 1380 diximuS,
1532 1309 1589 1366 in
1620 1309 1815 1366 Valeri
1843 1309 2044 1365 Antia-

139 1408 213 1466 tis
262 1407 507 1465 historia
550 1407 835 1481 scriptum
885 1416 992 1463 est.
1081 1406 1503 1480 Quadrigarius
1549 1417 1744 1463 autem
1791 1407 1851 1464 in
1896 1407 2044 1466 libro

138 1506 321 1562 tertio
364 1522 486 1562 non
525 1504 962 1574 Timocharem,
995 1503 1100 1561 sed
1142 1504 1377 1561 Niciam
1416 1504 1607 1562 adisse
1637 1504 1713 1562 ad
1744 1504 2046 1561 consulem

139 1602 397 1677 scripsit,
432 1619 626 1675 neque
666 1602 890 1676 legatos
920 1618 956 1657 a
985 1611 1191 1659 senatu
1230 1602 1458 1674 miss05,
1490 1601 1596 1659 sed
1626 1620 1661 1658 a
1691 1602 2045 1674 consulibuS‚

139 1710 199 1758 et
232 1702 478 1775 Pyrrum
509 1699 732 1773 populo
765 1701 1039 1757 Romano
1069 1698 1273 1757 laudes
1303 1709 1479 1773 atque
1508 1699 1719 1773 gratias
1750 1700 2050 1774 scripsisse
2096 1724 2143 1771 15

139 1797 531 1873 captivosque
576 1815 804 1869 omnes,
849 1814 997 1871 quos
1041 1806 1166 1854 tum
1211 1796 1432 1868 habuit,
1466 1797 1767 1854 vestivisse
1811 1806 1870 1854 et
1913 1796 2046 1855 red-

136 1895 386 1954 didisse.

220 1993 516 2052 Consules
565 2002 688 2050 tum
740 1991 971 2049 fuerunt
1020 1992 1090 2050 C.
1143 1991 1447 2049 Fabricius
1504 2002 1563 2050 et
1621 1992 1696 2065 Q.
1747 1991 2046 2049 Aemilius

139 2093 418 2161 Litteras,
449 2108 594 2164 quas
624 2088 698 2146 ad
729 2107 929 2164 regem
968 2091 1206 2164 Pyrrum
1239 2107 1414 2163 super
1443 2107 1513 2145 ea
1544 2098 1719 2146 causa
1748 2089 2046 2160 miserunt,

138 2187 433 2272 Claudius
462 2185 880 2261 Quadrigarius
909 2187 1141 2262 scripsit
1171 2187 1345 2244 fuisse
1376 2187 1491 2245 hoc
1521 2187 1793 2261 exemplo
1818 2209 1828 2244 :
2093 2212 2150 2243 20

367 2343 656 2402 Consules
686 2342 941 2401 Romani
971 2343 1216 2400 salutem
1248 2343 1454 2401 dicunt
1484 2345 1660 2418 Pyrro
1691 2343 1830 2418 regi.

141 2501 273 2558 Nos
304 2517 415 2574 pro
445 2498 558 2556 tuis
587 2498 805 2557 iniuriis
841 2499 1134 2556 continuis
1177 2499 1377 2557 animo
1423 2508 1590 2557 tenus
1632 2500 1918 2557 commoti
1961 2499 2044 2555 in-

138 2597 400 2655 imiciter
429 2605 625 2653 tecum
657 2596 871 2653 bellare
902 2594 1225 2654 studemuS.
1312 2596 1429 2655 Sed
1474 2598 1803 2654 communis
1848 2615 2046 2654 exem-

138 2695 221 2770 pli
273 2705 334 2751 et
381 2691 522 2749 fidei
569 2711 709 2768 ergo
751 2693 958 2764 visum,
1003 2703 1067 2751 ut
1110 2703 1166 2751 te
1211 2694 1432 2752 salvum
1474 2694 1737 2765 velimuS,
1775 2705 1833 2751 et
1873 2704 2047 2766 esset,

137 2811 324 2867 quem
376 2790 554 2847 armis
601 2791 837 2848 vincere
896 2808 1220 2865 possemus
1321 2790 1415 2848 Ad
1472 2809 1581 2849 nos
1628 2792 1791 2849 venit
1848 2792 2051 2849 Nicias
2094 2815 2146 2862 25

133 2975 266 3008 nas:
334 2961 586 3014 Heraclea,
640 2963 726 3006 280
788 2970 894 3015 B.C.,
952 2962 1050 3005 and
1152 2962 1206 3006 of
1250 2962 1476 3015 Antium,'
1518 2976 1548 3006 a
1593 2964 1782 3007 Roman
1833 2964 2048 3015 annalist,

132 3036 395 3089 Asculum,
427 3049 514 3091 279
544 3043 636 3080 B.C.
1151 3036 1300 3080 about
1332 3039 1388 3080 80
1419 3045 1510 3081 B.C.

233 3125 271 3156 1.
307 3111 525 3167 Satisque
541 3114 759 3167 agerent:
788 3110 912 3154 ‘had
928 3110 1050 3154 their
1210 3124 1280 3155 22.
1311 3111 1482 3154 Animo
1574 3115 1705 3155 tenus
1796 3112 2046 3157 commoti:

133 3187 303 3232 hands
325 3183 435 3230 full:
1150 3187 1160 3205 ⁸
1176 3185 1344 3229 stirred
1362 3192 1410 3229 to
1425 3185 1502 3229 the
1519 3185 1703 3229 bottom
1722 3184 1776 3229 of
1787 3200 1875 3229 our
1890 3185 2048 3230 souis!

230 3274 274 3305 2.
309 3259 622 3304 Descivisset:
655 3260 778 3303 ‘had
800 3259 1046 3304 deserted.'
1208 3273 1278 3316 24.
1311 3261 1476 3316 Ergo:
1530 3259 1629 3303 ‘for
1667 3260 1746 3303 the
1787 3259 1902 3302 sake
1948 3260 2045 3312 of’;

201 3347 274 3380 11.
322 3333 482 3377 Valeri
519 3334 761 3380 Antiatis:
804 3333 1048 3378 ‘Valerius
1151 3340 1372 3378 construe
1393 3333 1502 3377 with
1523 3334 1727 3390 exempli
1747 3334 1842 3377 and
1849 3333 1987 3389 fidei.
