2475 3617
331 160 418 224 66
659 161 842 244 Fzfly
889 164 1134 228 Stories
1160 167 1347 247 from
1393 166 1612 230 Aulus
1662 167 1917 230 Gellius

922 470 1048 526 49.
1089 474 1180 537 (N.
1215 475 1279 523 A.
1314 475 1455 524 XVI.
1491 475 1627 538 xxx.)

452 652 662 717 Sumpta
695 652 901 701 historia
935 668 995 701 ex
1032 653 1284 702 Herodoti
1316 654 1443 702 libro
1479 670 1628 718 super
1661 655 1862 704 fidicine
1897 655 2101 705 Arione.
2149 671 2154 675 ·

407 820 600 879 Celeri
649 812 974 878 admodum
1025 830 1084 878 et
1133 821 1375 880 cohibili
1426 822 1690 880 oratione
1740 841 2072 899 vocumque
2129 825 2233 884 filo

327 919 497 976 tereti
554 928 614 975 et
672 917 933 976 candido
1006 919 1263 977 fabulam
1336 919 1568 995 scripsit
1641 918 1988 979 Herodotus
2055 939 2234 997 super

228 1044 248 1088 5
321 1016 559 1074 fidicine
607 1015 707 1073 illo
754 1016 991 1074 Arione.
1077 1017 1335 1089 ‘VetuS,'
1387 1006 1593 1091 inquit,
1640 1020 1736 1075 ‘et
1779 1017 1992 1075 nobilis
2047 1020 2232 1077 Arion

325 1123 595 1171 cantator
633 1113 845 1172 fidibus
888 1114 1013 1171 fuit.
1099 1115 1159 1172 Is
1200 1113 1336 1172 loco
1376 1124 1436 1172 et
1473 1113 1701 1189 oppido
1752 1115 2229 1191 MethymnaeuS,

323 1221 476 1269 terra
530 1220 706 1286 atque
766 1211 951 1268 insula
1007 1211 1168 1268 omni
1228 1211 1473 1270 Lesbius
1528 1212 1652 1270 fuit.
1738 1214 1892 1269 Eum
1945 1213 2231 1271 Arionem

325 1327 427 1366 rex
469 1308 733 1367 Corinthi
767 1308 1085 1365 Periander
1126 1309 1382 1366 amicum
1425 1301 1804 1384 amatumque
1846 1309 2051 1368 habuit
2088 1311 2231 1369 artis

321 1406 524 1481 gratia.
610 1407 670 1464 Is
741 1406 881 1464 inde
953 1424 988 1463 a
1060 1423 1198 1482 rege
1255 1406 1664 1481 proficiscitur,
1727 1416 1910 1465 terras
1978 1407 2230 1467 inclutas

226 1530 278 1562 ιο
319 1504 574 1563 Siciliam
625 1513 801 1578 atque
863 1503 1091 1561 Italiam
1146 1503 1351 1561 visere.
1434 1504 1552 1562 Vbi
1603 1522 1676 1563 eo
1724 1504 1883 1562 venit
1938 1522 2229 1580 auresque

323 1602 586 1659 omnium
634 1612 977 1677 mentesque
1026 1602 1087 1658 in
1137 1601 1438 1676 utriusque
1484 1612 1669 1660 terrae
1713 1601 1951 1661 urbibus
1997 1601 2227 1660 demul-

322 1699 412 1770 sit,
469 1699 526 1755 in
602 1697 938 1773 quaestibus
1010 1698 1140 1756 istic
1209 1709 1271 1756 et
1340 1698 1736 1773 voluptatibus
1809 1699 2228 1775 amoribusque

322 1796 628 1855 hominum
684 1797 807 1854 fuit.
910 1797 968 1853 Is
1025 1806 1148 1853 tum
1206 1805 1417 1871 postea
1477 1795 1683 1871 grandi
1739 1797 1991 1872 pecunia
2046 1807 2106 1854 et
2163 1816 2228 1855 re

319 1895 479 1953 bona
528 1894 709 1970 multa
753 1894 1027 1969 copiosus
1074 1894 1429 1953 Corinthum
1474 1894 1720 1952 instituit
1763 1893 1971 1965 redire,
2011 1912 2226 1953 navem

223 2018 270 2065 ις
316 1993 492 2068 igitur
534 2002 592 2049 et
636 1992 875 2064 navitas,
921 2001 986 2049 ut
1041 1992 1299 2050 notiores
1350 1991 1780 2065 amicioresque
1831 1990 1959 2063 sibi,
2011 1992 2225 2050 Corin-

319 2090 475 2149 thios
549 2089 805 2164 delegit.'
891 2089 1008 2149 Sed
1081 2109 1185 2148 eos
1248 2088 1605 2161 CorinthiOS,
1663 2089 1903 2146 homine
1973 2100 2229 2164 accepto

318 2189 571 2262 navique
633 2187 694 2244 in
761 2187 941 2244 altum
1006 2197 1289 2260 provecta
1343 2186 1600 2261 praedae
1656 2186 2066 2262 pecuniaeque
2124 2204 2228 2244 cu-

319 2285 512 2360 pidos‚
543 2284 770 2359 cepisse
800 2284 1108 2341 consilium
1139 2283 1216 2341 de
1249 2282 1519 2341 necando
1556 2283 1792 2342 Arione.
1875 2284 2028 2341 Tum
2061 2283 2227 2342 illum

318 2383 419 2453 ibi,
493 2382 752 2457 pernicie
825 2381 1141 2454 intellecta,
1200 2382 1516 2456 pecuniam
1591 2391 1905 2456 ceteraque
1978 2399 2101 2453 sua,
2162 2390 2227 2439 ut

220 2506 274 2538 20
317 2480 623 2551 haberent,
675 2478 929 2550 dedisse,
980 2480 1162 2536 vitam
1217 2479 1399 2537 modo
1449 2478 1560 2537 sibi
1604 2488 1669 2536 ut
1716 2487 2045 2553 parcerent,
2096 2496 2226 2536 ora-

317 2579 489 2635 visse.
575 2578 816 2636 Navitas
872 2595 1115 2652 precum
1159 2578 1284 2635 eius
1328 2577 1533 2634 harum
1584 2575 2050 2634 commiseritum
2096 2593 2226 2634 esse

317 2676 643 2747 illactenus,
692 2685 755 2732 ut
811 2675 867 2733 ei
922 2692 1133 2732 necem
1184 2673 1415 2732 adferre
1466 2691 1572 2749 per
1619 2674 1736 2732 vim
1788 2674 1906 2731 suis
1955 2672 2228 2732 manibus

376 2859 416 2890 2.
448 2845 679 2889 Herodoti
699 2858 716 2892 :
806 2845 1086 2890 Herodotus
1165 2844 1221 2890 of
1402 2858 1445 2903 3.
1491 2845 1749 2903 Vocumque
1798 2877 1811 2890 .
1861 2878 1873 2890 .
1926 2878 1938 2890 .
1990 2844 2223 2890 candido:

319 2920 705 2974 Halicarnassus,
727 2920 848 2964 “the
869 2918 1022 2963 father
1042 2919 1097 2964 of
1120 2920 1216 2965 his·
1322 2918 1335 2942 ‘
1350 2921 1468 2978 style
1486 2920 1590 2965 well
1612 2920 1832 2965 rounded
1853 2920 1952 2963 and
1972 2918 2127 2965 clear!

316 2996 459 3054 tory,''
481 2995 604 3039 born
624 2997 711 3052 484
732 3002 827 3041 B.C.
1406 2997 1447 3040 8.
1477 2995 1627 3039 Peri
1639 3009 1669 3038 a
1683 3008 1714 3037 n
1729 2995 1838 3038 der
1859 3009 1877 3037 :
1945 2998 2104 3051 tyrant
2177 2989 2230 3038 of
2317 3022 2333 3033 .

374 3083 416 3114 2.
446 3069 662 3114 Fidicine
683 3082 701 3116 .·
763 3071 773 3089 ⁸
791 3069 955 3126 player
1012 3081 1077 3114 on
1136 3068 1216 3112 the
1320 3068 1537 3122 Corinth,
1566 3069 1768 3126 625-585
1800 3076 1898 3113 B.C.

315 3143 445 3201 lyre.'
1380 3155 1449 3188 10.
1493 3143 1682 3189 Visere:
1714 3142 1852 3195 final;
1887 3143 1963 3186 'to
1984 3141 2127 3187 visit-⁹

375 3229 415 3261 2.
445 3216 627 3261 Arione
643 3229 661 3263 .·
695 3216 822 3260 lived
843 3216 993 3261 about
1013 3218 1098 3274 625
1121 3224 1214 3262 B.C.
1380 3229 1447 3261 11.
1479 3217 1718 3261 Demulsit
1737 3229 1754 3263 .·
1799 3219 1809 3236 ‘
1826 3215 2086 3271 charmed,’
2118 3218 2130 3237 ‘
2146 3216 2229 3262 be-

374 3301 417 3346 3.
455 3290 686 3335 Cohibc‘li:
733 3288 905 3345 ‘brief,'
942 3290 1211 3343 ‘concise’;
1318 3290 1550 3335 witched.'

316 3375 349 3407 a
367 3375 472 3407 rate
491 3363 639 3407 word.
1377 3377 1446 3409 22.
1478 3364 1728 3409 Illactenus
1744 3380 1761 3409 .·
1791 3368 1873 3412 ‘so
1891 3362 1993 3412 fat:
