2475 3617
276 169 297 186 Ο
359 215 434 261 10
661 199 848 282 Fg'fqy
895 200 1143 263 Stories
1166 204 1354 283 from
1404 201 1623 265 Aulus
1673 202 1927 266 Gellius

424 394 846 470 Temperantia
895 415 1133 473 quoque
1184 399 1359 457 fuisse
1410 418 1544 457 eum
1596 409 1759 457 tanta
1808 398 2087 457 traditum
2141 410 2246 472 est,

344 500 409 548 ut
459 493 659 551 omnia
707 494 827 552 sere
878 496 1028 553 vitae
1080 514 1219 554 suae
1271 506 1541 571 tempora
1588 496 1907 555 valitudine
1964 497 2251 556 inoffensa

343 589 568 649 vixerit.
655 593 727 649 In
782 592 931 651 illius
987 593 1164 651 etiam
1221 595 1590 670 pestilentiae
1639 596 1929 667 vastitate,
1979 613 2131 669 quae
2188 596 2251 653 in

345 687 485 746 belli
534 688 1062 764 Peloponnensiaci
1116 692 1398 767 principis
1447 693 1893 751 Atheniensium
1947 693 2251 751 civitatem

246 811 267 858 5
339 786 705 845 internecivo
759 807 975 863 genere
1032 790 1223 848 morbi
1285 790 1648 865 depopulata
1703 800 1808 861 est,
1861 791 1908 848 is
1963 790 2252 866 parcendi

347 883 815 960 moderandique
865 887 1186 945 rationibus
1236 886 1452 945 dicitur
1499 898 1559 945 et
1608 907 1644 945 a
1689 888 2057 964 voluptatum
2114 888 2250 947 labe

346 982 569 1040 cavisse
609 993 669 1040 et
707 983 1072 1042 salubritates
1111 985 1375 1060 corporis
1409 985 1737 1059 retinuisse,
1766 996 1831 1044 ut
1871 1003 2253 1060 nequaquam

344 1080 518 1138 fuerit
547 1082 849 1139 communi
879 1082 1141 1141 omnium
1170 1083 1329 1142 cladi
1356 1083 1663 1143 obnoxius.

1034 1339 1106 1394 8.
1150 1341 1243 1406 (N.
1281 1344 1343 1391 A.
1379 1342 1450 1392 11.
1484 1340 1564 1407 v.)

250 1519 303 1551 10
341 1497 506 1561 Quam
551 1497 717 1563 lepide
763 1500 1058 1564 signateque
1105 1499 1284 1549 dixerit
1332 1500 1604 1551 Favorinus
1638 1501 1980 1567 philosophu3‚
2016 1501 2138 1566 quid
2175 1501 2254 1550 in·

428 1581 566 1629 tersit
589 1582 717 1630 inter
742 1583 963 1631 Platonis
988 1589 1038 1631 et
1064 1584 1239 1646 Lysiae
1266 1585 1561 1633 orationem.

399 1716 745 1778 *Favorinus
785 1717 861 1776 de
904 1718 1076 1793 Lysia
1119 1728 1178 1776 et
1222 1717 1467 1776 Platone
1506 1719 1708 1777 solitus
1748 1717 1945 1775 dicere
1983 1727 2106 1776 est:
2155 1719 2256 1777 ‘Si

349 1832 422 1871 ex
484 1814 741 1872 Platonis
763 1817 775 1841 ’
832 1816 1022 1889 inquit
1078 1816 1382 1874 ‘oratione
1437 1816 1680 1875 verbum
1741 1814 1981 1890 aliquod
2044 1814 2256 1874 demas

347 1921 609 1969 mutesve
658 1899 837 1988 'atque
887 1913 950 1971 id
1000 1914 1544 1973 commodatissime
1594 1914 1793 1985 saciaS‚
1837 1913 1914 1971 de
1959 1914 2258 1989 elegantia

250 2034 297 2081 15
345 2018 544 2067 tamen
574 2009 895 2069 detraxeris
917 2031 934 2083 3
979 2011 1026 2068 si
1058 2030 1130 2069 ex
1160 2012 1389 2087 Lysiae,
1420 2012 1497 2069 de
1528 2012 1857 2070 sententia.’

1019 2267 1094 2322 9.
1137 2269 1228 2334 (N.
1266 2272 1329 2319 A.
1365 2270 1435 2319 ΙΙ.
1471 2269 1569 2334 xi.)

437 2422 517 2471 De
545 2421 732 2472 Sicinio
757 2422 982 2471 Dentato
1007 2423 1210 2485 egregio
1234 2422 1477 2471 bellatore
1502 2422 1658 2472 multa
1681 2429 1959 2472 memoratu
1983 2422 2151 2485 digna.

427 2558 492 2614 L.
551 2557 829 2616 Sicinium
887 2559 1229 2628 Dentatum,
1287 2558 1390 2632 qui
1445 2557 1707 2616 tribunus
1764 2557 1923 2632 plebi
1983 2556 2089 2614 suit
2152 2557 2258 2631 Sp.

343 2654 617 2729 Tarpei0,
667 2657 736 2712 A.
787 2655 1032 2713 Aternio
1083 2655 1439 2728 consulibuS‚
1491 2654 1774 2729 scriptum
1832 2664 1921 2712 est
1975 2654 2035 2711 in
2091 2653 2260 2712 libris

430 2838 472 2881 3.
518 2824 738 2869 Vastitate
757 2838 773 2872 .·
807 2826 1016 2871 ‘havoc.'
1412 2839 1478 2871 11.
1508 2825 1722 2869 Platonis
1762 2829 1808 2869 et
1844 2825 2041 2881 Lysiae:
2086 2824 2260 2881 Lysias

430 2913 472 2954 4.
502 2900 741 2956 Principis
757 2915 796 2936 =
806 2901 1074 2958 principiis.
1349 2900 1428 2945 the
1450 2906 1611 2944 orator
1630 2912 1726 2943 was
1748 2912 1777 2943 a
1797 2911 2014 2956 younger
2041 2905 2259 2942 contem-

431 2984 474 3030 5.
506 2974 793 3018 Internecivo
811 2987 829 3021 .·
862 2978 872 2995 ⁸
891 2974 1092 3031 deadly.'
1351 2987 1525 3032 porary
1546 2974 1601 3019 of
1628 2975 1778 3019 Plato.

432 3049 474 3093 6.
507 3049 662 3096 Labe:
696 3050 871 3104 'stain,'
897 3048 1224 3094 ‘defilemenff
1410 3062 1477 3107 14.
1515 3048 1970 3095 Commodatissime:
2003 3045 2142 3092 ‘with
2173 3045 2260 3092 the

434 3124 474 3167 8.
517 3123 789 3168 obnoxius:
818 3123 1158 3181 ‘susceptible.'
1350 3130 1528 3168 utmost
1550 3123 1687 3169 skill.⁸

409 3209 476 3242 10.
513 3197 664 3252 Quam
728 3199 878 3257 lepide
931 3200 1203 3256 signateque
1227 3214 1246 3242 .·
1410 3201 1477 3244 18.
1511 3199 1587 3255 Sp.
1631 3199 1829 3255 Tarpeio
1851 3231 1862 3243 .
1884 3231 1896 3243 .
1920 3231 1932 3243 .
1962 3196 2224 3241 consulibus
2241 3212 2261 3241 .·

344 3273 479 3318 ‘with
501 3272 626 3317 what
647 3273 843 3330 pointed
867 3274 1119 3330 elegance.'
1350 3273 1398 3318 in
1416 3285 1504 3331 454
1518 3281 1610 3318 B.C.
1662 3273 1867 3318 Sicinius
1882 3285 1978 3316 was
1995 3272 2260 3317 murdered

407 3360 474 3393 10.
504 3346 768 3391 Favorinus
786 3360 803 3393 .·
848 3360 927 3391 see
961 3352 1074 3391 note
1106 3360 1169 3391 on
1201 3360 1248 3404 p.
1348 3348 1410 3405 by
1460 3348 1602 3392 order
1651 3347 1703 3392 of
1751 3347 1831 3391 the
1883 3346 2149 3392 decemvirs
2203 3346 2258 3391 in

350 3434 390 3477 1,
415 3421 444 3466 l.
470 3435 512 3467 2.
1348 3433 1436 3478 450
1460 3429 1552 3466 B.C.
