2475 3617
373 1262 425 1293 10

374 1751 422 1799 15

464 165 550 242 48
783 162 967 245 Fzfty
1015 161 1267 226 Stories
1293 162 1481 243 from
1528 159 1749 223 Aulus
1800 158 2059 223 Gellius

2362 293 2374 301 '
2443 283 2453 344 i

466 369 636 417 scuto
703 359 974 434 proiecto
1038 358 1527 430 cunctabundus;
1598 356 1873 430 ManliuS,
1928 357 2129 415 animo
2194 357 2380 432 magis

466 474 645 531 quam
675 466 798 514 arte
828 456 1100 528 confisuS,
1133 466 1301 514 scuto
1340 465 1572 514 scutum
1609 454 1900 529 percussit
1942 464 2118 528 atque
2161 464 2381 513 statum
2441 461 2453 516 l

468 554 624 613 Galli
659 554 1051 612 conturbavit.
1136 555 1296 612 Dum
1338 571 1401 612 se
1436 553 1641 612 Gallus
1683 553 1896 611 iterum
1940 552 2156 611 eodem
2203 563 2384 627 pacto

468 651 826 710 constituere
865 650 1080 722 studet,
1113 650 1370 709 Manlius
1407 650 1617 709 iterum
1652 659 1822 709 scuto
1857 659 2088 708 scutum
2122 651 2383 724 percutit
2450 665 2455 688 ¹

463 759 641 824 atque
697 748 775 806 de
831 748 965 807 loco
1024 748 1330 806 hominem
1385 748 1598 806 iterum
1648 746 1868 805 deiecit
1888 768 1906 819 ς
1966 765 2040 805 eo
2092 757 2274 822 pacto
2325 749 2384 806 ei

468 846 577 904 sub
607 845 902 904 Gallicum
945 845 1206 919 gladium
1252 845 1532 903 successit
1572 856 1750 920 atque
1796 844 2128 919 Hispanico
2170 856 2385 920 pectus

468 943 660 1002 hausit
681 964 699 1015 ς
757 941 976 1000 deinde
1027 943 1309 1001 continuo
1351 961 1619 1001 umerum
1662 942 1937 1000 dextrum
1975 942 2194 1001 eodem
2238 961 2382 1002 con-

468 1059 638 1099 cessu
680 1038 889 1098 incidit
929 1058 1124 1115 neque
1164 1040 1408 1099 recessit
1446 1059 1713 1116 usquam,
1743 1040 1940 1099 donec
1969 1040 2276 1112 subvertit,
2308 1060 2384 1099 ne

470 1138 673 1198 Gallus
710 1138 998 1212 impetum
1033 1138 1094 1195 in
1128 1138 1249 1196 ictu
1285 1137 1545 1197 haberet.
1628 1139 1744 1197 Vbi
1774 1156 1910 1196 eum
1940 1138 2167 1210 evertit,
2199 1149 2385 1214 caput

466 1233 773 1310 praecidit,
814 1245 1084 1311 torquem
1126 1235 1382 1294 detraxit
1425 1254 1674 1311 eamque
1718 1235 2228 1311 sanguinulentam
2271 1237 2386 1296 sibi

470 1334 531 1391 in
576 1334 791 1392 collum
840 1333 1089 1408 inponit.
1175 1333 1313 1407 Quo
1362 1351 1436 1391 ex
1481 1334 1638 1391 facto
1687 1334 1815 1409 ipse
1864 1334 2206 1409 posterique
2258 1335 2385 1393 eius

469 1431 752 1507 Torquati
795 1441 929 1489 sunt
966 1431 1386 1506 cognominati.

552 1529 646 1588 Ab
678 1529 794 1586 hoc
828 1529 966 1587 Tito
1001 1528 1248 1600 Manlio,
1282 1528 1446 1587 cuius
1481 1527 1634 1586 hanc
1671 1547 1927 1605 pugnam
1959 1527 2387 1605 Quadrigarius

471 1626 800 1701 descripsit,
843 1627 1090 1701 imperia
1132 1636 1192 1684 et
1233 1644 1443 1701 aspera
1486 1636 1546 1685 et
1590 1626 1840 1685 immitia
1881 1627 2176 1685 ‘Manlia’
2223 1627 2389 1686 dicta

469 1735 622 1796 sunt,
650 1725 932 1799 quoniam
973 1733 1182 1798 postea
1219 1725 1376 1783 bello
1416 1723 1724 1782 adversum
1768 1725 2010 1782 Latinos
2048 1742 2187 1781 cum
2228 1734 2388 1783 esset

472 1821 695 1892 consul,
737 1821 919 1879 filium
964 1840 1131 1879 suum
1177 1822 1368 1879 securi
1412 1822 1714 1896 percussit,
1749 1822 1849 1896 qui
1892 1822 2264 1897 speculatum
2308 1823 2387 1881 ab

473 1938 546 1978 eo
599 1920 824 1990 missuS,
870 1937 1068 1995 pugna
1113 1919 1448 1992 interdicta,
1478 1919 1729 1992 hostem,
1776 1938 1812 1977 a
1858 1938 1979 1995 quo
2028 1929 2387 1994 provocatus

472 2017 678 2088 fuerat,
708 2016 1027 2075 occiderat.

535 2202 573 2235 1.
604 2191 846 2235 Proiecto:
881 2189 1185 2233 ‘advanced.'
1538 2202 1605 2246 13.
1640 2190 1746 2235 Ab:
1789 2188 1962 2233 'from'
1996 2202 2052 2233 or
2088 2188 2262 2243 'asten'
2299 2196 2387 2233 not

535 2276 572 2310 1.
611 2264 997 2309 Cunctabundus:
1060 2265 1070 2284 ⁴
1087 2262 1284 2320 playing
1346 2277 1376 2307 a
1477 2264 1592 2321 ‘by.'

472 2339 664 2395 waiting
692 2339 864 2395 game.'
1538 2349 1605 2395 15.
1637 2337 1804 2383 Bello:
1837 2337 1917 2381 the
1947 2344 2083 2394 great
2110 2338 2251 2382 Latin
2270 2351 2386 2391 war,

531 2428 572 2459 2.
604 2415 788 2458 Statum
808 2428 827 2456 .·
855 2412 1049 2466 ‘stand,'
1076 2411 1347 2469 ‘position.'
1476 2414 1679 2470 340—338
1721 2420 1838 2464 B.C.;
1882 2412 1963 2456 the
1999 2413 2230 2474 occasion
2265 2412 2386 2456 here
2459 2421 2460 2434 ¹

530 2499 572 2546 5.
603 2488 674 2532 Ei
714 2521 725 2532 .
762 2521 774 2533 .
812 2521 824 2533 .
864 2488 1116 2531 successe't:
1171 2489 1281 2543 ‘got
1325 2493 1375 2530 to
1477 2487 1669 2530 alluded
1710 2493 1758 2529 to
1799 2499 1897 2530 was
1939 2487 2037 2544 just
2086 2486 2251 2532 before
2300 2487 2387 2531 the

474 2563 603 2607 close
625 2569 840 2620 quarters
860 2562 971 2606 with
994 2561 1092 2605 him
1118 2563 1275 2606 under
1299 2560 1374 2605 his
1477 2561 1684 2605 decisive
1724 2562 1870 2606 battle
1907 2562 1962 2607 of
1999 2562 2087 2607 Mt.
2128 2560 2387 2615 VesuviuS‚

479 2635 636 2695 (long)
666 2637 818 2682 Gallie
840 2637 1027 2682 sword.’
1477 2636 1631 2681 which
1656 2649 1752 2681 was
1781 2650 1890 2682 won
1920 2637 1985 2694 by
2017 2636 2230 2681 Manlius
2259 2636 2389 2681 Tor-

529 2725 573 2767 7.
604 2711 784 2755 Hausit
798 2725 817 2755 .·
860 2713 870 2730 ·
893 2709 1116 2767 pierced,'
1150 2711 1160 2728 ⁴
1179 2709 1378 2753 wound-
1478 2715 1653 2767 quatus
1673 2709 1771 2753 and
1795 2709 1976 2754 Decius
1999 2709 2130 2756 Mus,

473 2784 550 2831 ed.
