2475 3617
492 189 572 252 32
809 173 993 254 szty
1041 173 1289 236 Stom'es
1312 172 1502 254 from
1550 172 1771 235 Aulus
1822 172 2078 235 Gellius

489 380 579 427 ret
621 378 681 427 et
723 369 914 430 facere
965 368 1026 425 id
1074 366 1391 438 videretur,
1434 385 1509 424 ne
1560 368 1805 425 relicum
1864 367 2156 426 mercedis
2205 368 2383 442 daret,

490 467 653 541 capit
679 465 988 523 consilium
1024 465 1394 539 Protagoras,
1423 474 1489 523 ut
1517 473 1643 522 tum
1672 465 2065 537 existimabat,
2097 475 2345 524 astutum
2371 488 2381 523 :

488 574 693 639 petere
739 562 947 621 institit
992 580 1066 620 ex
1110 571 1291 637 pacto
1336 562 1698 634 mercedem,
1740 562 1904 620 litem
1947 580 2086 620 cum
2141 564 2386 622 Euathlo

490 671 874 720 contestatur.

392 784 413 832 5
567 759 805 817 Etcum
828 756 904 815 ad
935 757 1160 815 iudices
1189 756 1580 815 coniciendae
1611 756 2151 832 consistendaeque
2182 776 2386 816 causae
2431 797 2441 832 4

490 856 675 932 gratia
695 856 1009 926 venissent,
1039 865 1165 912 tum
1196 855 1542 929 Protagoras
1573 854 1657 912 sic
1687 872 1927 913 exorsus
1957 865 2048 913 est
2073 878 2085 913 :
2134 860 2151 886 ‘
2176 856 2388 928 Disce,’

491 953 679 1028 inquit
720 956 737 985 ‘
757 951 1093 1011 stultissime
1136 950 1503 1022 adulescenS,
1532 962 1785 1027 utroque
1814 952 1877 1010 id
1906 952 2092 1011 modo
2138 953 2283 1025 fore,
2312 954 2390 1011 uti

491 1050 708 1109 reddas
752 1050 916 1125 quod
960 1060 1122 1125 peto,
1168 1051 1290 1107 sive
1325 1059 1535 1108 contra
1567 1059 1626 1107 te
1661 1050 2106 1125 pronuntiatum
2135 1052 2248 1108 erit
2276 1052 2390 1109 sive

491 1167 600 1225 pro
643 1159 721 1206 te.
806 1148 981 1219 Nam,
1025 1148 1071 1205 si
1115 1157 1322 1206 contra
1365 1157 1423 1205 te
1463 1147 1531 1204 lis
1561 1145 1701 1205 data
1730 1147 1857 1218 erit,
1889 1165 2120 1205 merces
2150 1148 2294 1205 mihi
2325 1167 2392 1207 ex

396 1274 450 1306 10
489 1246 782 1305 sententia
823 1244 1150 1316 debebitur,
1196 1245 1335 1320 quia
1378 1263 1490 1320 ego
1522 1245 1744 1316 vicere,
1775 1244 1866 1302 sin
1892 1263 2035 1305 vero
2064 1245 2391 1303 secundum

396 1382 406 1393 ·
492 1354 553 1403 te
582 1342 903 1401 iudicatum
933 1342 1060 1414 erit,
1091 1360 1319 1400 merces
1363 1342 1508 1400 mihi
1552 1360 1626 1400 ex
1669 1353 1850 1418 pacto
1892 1341 2232 1415 debebitur,
2262 1343 2395 1419 quia

493 1451 557 1500 tu
584 1439 832 1498 viceris.'

572 1536 668 1596 Ad
703 1555 774 1595 ea
808 1535 1115 1612 respondit
1158 1537 1478 1595 Euathlus:
1526 1542 1541 1568 ‘
1563 1537 1776 1609 Potui,’
1815 1536 2023 1612 inquit,
2055 1537 2395 1597 ‘huic'tuae
2441 1595 2447 1620 ὁ

2443 1411 2444 1424 1

2439 1435 2445 1460 l

413 1621 420 1628 ‘
494 1647 616 1695 tam
655 1634 895 1709 ancipiti
925 1634 1331 1709 captioni-isse
1360 1635 1615 1707 obviam,
1645 1634 1693 1692 si
1721 1635 1902 1692 verba
1932 1652 2055 1692 non
2082 1635 2215 1710 ipse
2246 1636 2394 1693 face·

398 1759 446 1808 ¹5
492 1752 615 1792 rem
660 1743 837 1807 atque
879 1731 994 1789 alio
1035 1741 1290 1806 patrono
1330 1742 1547 1790 uterer.
1631 1731 1750 1791 Sed
1793 1732 1981 1790 maius
2024 1732 2173 1790 mihi
2205 1733 2268 1791 in
2296 1733 2398 1791 ista
2445 1721 2446 1726 ¹

491 1831 739 1890 victoria
779 1829 1113 1904 prolubium
1157 1839 1266 1901 est,
1308 1848 1444 1887 cum
1474 1839 1532 1888 te
1560 1848 1681 1889 non
1711 1830 1769 1888 in
1799 1848 1978 1888 causa
2010 1840 2268 1903 tantum,
2297 1829 2399 1889 sed

494 1929 556 1986 in
584 1937 930 2003 argumento
959 1944 1196 2001 quoque
1227 1927 1340 1986 isto
1366 1928 1559 1986 vinco,
1645 1928 1827 1986 Disce
1857 1928 2032 2004 igitur
2053 1939 2118 1986 tu
2140 1946 2398 2004 quoque,
2447 1955 2448 2010 3

495 2026 773 2101 magister
814 2024 1258 2100 sapientissime,
1288 2035 1541 2101 utroque
1585 2026 1770 2085 modo
1813 2026 1957 2098 fore,
1988 2025 2075 2084 uti
2108 2044 2238 2090 non
2274 2025 2398 2085 red-

496 2124 637 2182 dam
679 2122 843 2198 quod
880 2122 1052 2198 petis,
1082 2123 1203 2181 sive
1244 2132 1451 2181 contra
1478 2142 1573 2181 me
1602 2124 2044 2197 pronuntiatum
2074 2123 2258 2182 fuerit
2285 2124 2401 2182 sive

395 2247 454 2279 20
493 2239 602 2297 pro
634 2239 749 2279 me.
834 2221 1010 2292 Nam,
1050 2219 1098 2278 si
1136 2220 1363 2278 iudices
1401 2238 1513 2295 pro
1550 2238 1727 2277 causa
1754 2237 1890 2277 mea
1916 2221 2233 2293 senserint,
2264 2220 2404 2279 nihil

496 2319 605 2378 tibi
647 2338 721 2377 ex
761 2318 1052 2377 sententia
1093 2316 1422 2388 debebitur,
1465 2318 1605 2392 quia
1642 2334 1755 2392 ego
1790 2317 2028 2388 vicer03
2073 2318 2166 2376 sin
2197 2329 2403 2377 contra

498 2435 595 2475 me
624 2416 1146 2491 pronuntiaverint,
1178 2415 1321 2472 nihil
1351 2414 1459 2473 tibi
1486 2432 1561 2472 ex
1589 2423 1768 2489 pacto
1806 2413 2066 2487 debeb0,
2101 2416 2249 2490 quia
2285 2432 2403 2473 non

497 2515 735 2573 vicero?

577 2613 733 2669 Tum
762 2610 989 2668 iudices
1016 2608 1330 2667 dubiosum
1360 2609 1477 2667 hoc
1505 2609 2038 2685 inexplicabileque
2069 2627 2225 2682 esse,
2244 2606 2405 2685 quod

397 2736 450 2785 25
493 2709 791 2782 utrimque
834 2706 1158 2778 dicebatur,
1204 2707 1331 2778 rati,
1375 2725 1451 2765 ne
1494 2708 1788 2765 sententia
1816 2726 1921 2764 sua
1948 2716 2406 2781 utramcumque

498 2809 560 2865 in
589 2815 816 2881 partem
852 2804 1013 2861 dicta
1047 2813 1201 2861 esset
1231 2804 1359 2878 ipsa
1387 2822 1515 2862 sese
1546 2804 1926 2876 rescinderet,
1957 2822 2084 2862 rem
2115 2805 2406 2864 iniudica-

558 2993 600 3025 2.
631 2979 848 3022 Astutum
869 2990 886 3018 :
913 2975 924 2993 ⁴
940 2974 1181 3031 cunning.'
1585 2989 1628 3032 9.
1659 2976 1742 3020 Lis
1760 2991 1778 3020 .·
1803 2978 1814 2996 ⁴
1825 2976 2111 3033 judgment,'
2130 2979 2141 2998 ⁸
2160 2974 2407 3029 decision,'

558 3067 600 3110 3.
631 3053 791 3095 Petere
807 3064 824 3093 .·
853 3050 925 3092 ‘to
948 3061 1033 3092 sue
1055 3046 1152 3093 for!
1500 3050 1510 3069 ⁶
1526 3049 1733 3096 verdict.'

559 3141 601 3183 3.
633 3126 784 3168 Litem
856 3156 867 3167 .
930 3155 940 3166 .
1001 3155 1012 3167 .
1081 3125 1357 3165 contestatur
1379 3133 1397 3166 .·
1561 3135 1629 3178 14.
1667 3124 1880 3180 Captioni
1895 3137 1912 3170 .·
1946 3126 1956 3144 ¹
1975 3123 2175 3183 fallacy.'

504 3199 735 3254 ‘brought
765 3210 828 3240 an
858 3195 1045 3240 action:
1562 3208 1630 3253 15.
1660 3198 1897 3241 Patrono:
1926 3199 2223 3247 ‘advocate.⁰

562 3285 604 3330 5.
633 3270 939 3316 Coniciendae
969 3302 981 3314 .
1011 3301 1022 3313 .
1055 3301 1066 3313 .
1083 3269 1281 3324 gratia:
1304 3267 1401 3312 ‘for
1563 3271 1630 3315 16.
1659 3271 1935 3315 Prolubium
1953 3287 1971 3316 .·
2000 3274 2288 3331 ‘pleasure.’

505 3347 585 3390 the
631 3357 840 3401 purpose
890 3340 945 3385 of
988 3340 1254 3396 discussing
1303 3341 1401 3385 and

507 3419 734 3473 deciding
762 3418 842 3460 the
872 3415 1044 3460 cause?
