2475 3617
467 206 551 268 30
778 190 961 272 Fz'fty
1010 190 1262 254 Storz'es
1287 192 1477 273 from
1524 191 1744 253 Aulus
1796 190 2050 253 Gellius

462 386 651 443 infans
696 396 821 444 erat
867 396 942 458 et,
988 406 1124 444 cum
1168 388 1285 445 iam
1330 388 1577 446 multum
1621 388 1991 460 adolevisset,
2032 388 2178 446 item
2219 389 2361 447 nihil

463 483 568 541 fari
623 485 845 559 quibat.
932 486 1133 543 Mutus
1188 485 1344 543 adeo
1396 495 1455 543 et
1504 486 1750 561 elinguis
1809 485 1910 543 diu
1967 485 2198 544 habitus
2253 497 2359 545 est.

461 582 616 640 Cum
658 582 717 639 in
761 592 990 656 patrem
1035 584 1175 655 eius,
1212 583 1370 641 bello
1402 602 1616 658 magno
1645 585 1867 641 victum
1897 593 1957 641 et
1985 584 2127 641 urbe
2158 584 2218 640 in
2246 602 2362 658 qua

461 689 586 737 erat
628 690 820 754 capta,
858 680 1040 738 hostis
1082 680 1281 756 gladio
1325 680 1606 753 deduct0,
1653 700 1853 757 regem
1898 699 2024 738 esse
2069 681 2360 757 ignoranS,

364 802 381 848 3
454 777 778 849 invaderet,
825 777 1055 836 diduxit
1100 778 1446 836 adulescens
1491 798 1575 851 οε,
1623 779 1878 837 clamare
1918 780 2127 850 nite'n5‚
2169 798 2360 855 eoque

460 876 589 932 nisu
651 886 827 951 atque
890 876 1116 951 impetu
1173 877 1409 951 spiritus
1464 877 1671 935 vitium
1727 877 2072 952 nodumque
2129 877 2360 952 linguae

462 974 619 1047 rupit
672 975 964 1048 planeque
1023 985 1083 1031 et
1139 975 1441 1032 articulate
1499 975 1763 1033 elocutus
1820 985 1927 1046 est,
1985 975 2245 1033 clamans
2301 976 2361 1033 in

462 1070 712 1143 hostem,
769 1090 843 1128 ne
900 1090 1003 1129 rex
1058 1072 1314 1130 Croesus
1372 1073 1763 1131 occideretur.
1853 1074 2008 1129 Tum
2057 1083 2119 1130 et
2176 1073 2361 1131 hostis

458 1153 745 1243 gladium*
770 1168 999 1227 reduxit
1048 1180 1108 1227 et
1158 1188 1262 1227 rex
1307 1170 1427 1227 vita
1475 1169 1727 1228 donatus
1777 1180 1866 1228 est
1913 1181 1973 1227 et
2015 1170 2361 1228 adulescens

363 1293 416 1323 10
458 1266 619 1340 loqui
660 1285 928 1341 prorsum
968 1267 1255 1342 deinceps
1294 1267 1534 1342 incepit.
1622 1268 1968 1326 Herodotus
2007 1268 2068 1324 in
2107 1268 2362 1327 historiis

461 1364 630 1422 huius
680 1365 1000 1422 memoriae
1047 1366 1301 1439 scriptor
1356 1375 1444 1423 est
1500 1365 1740 1440 eiusque
1785 1366 1963 1424 verba
2013 1376 2166 1437 sunt,
2211 1385 2362 1441 quae

459 1461 651 1536 prima
691 1461 905 1519 dixisse
948 1463 1129 1519 filium
1174 1463 1383 1521 Croesi
1429 1463 1639 1520 refert:
1688 1461 2035 1539 (Ἄνθρωπε,
2075 1464 2155 1539 μὴ
2192 1467 2363 1523 κτεῖνε

461 1560 748 1635 Κροῖσον.’

541 1656 658 1715 Sed
689 1666 749 1714 et
783 1657 1074 1732 quispiam
1119 1658 1345 1716 Samius
1388 1657 1627 1729 athleta,
1671 1676 1891 1715 nornen
1934 1657 2013 1713 illi
2056 1658 2166 1715 fuit
2208 1656 2361 1736 Ἐχε-

364 1779 411 1826 15
458 1757 641 1825 κλοῦς,
671 1773 807 1811 cum
837 1765 1012 1812 antea
1046 1773 1166 1813 non
1211 1755 1459 1830 loquens
1503 1756 1721 1827 fuisset,
1753 1756 1833 1813 ob
1862 1754 2113 1812 similem
2143 1755 2362 1813 dicitur

460 1869 695 1909 causam
740 1852 901 1926 loqui
944 1853 1234 1927 coepisse.
1322 1854 1477 1909 Nam
1529 1871 1667 1909 cum
1710 1853 1769 1910 in
1813 1871 1980 1910 sacro
2037 1854 2361 1910 certamine

460 1949 687 2006 sortitio
729 1950 882 2007 inter
922 1950 1083 2023 ipsos
1126 1961 1186 2008 et
1227 1949 1593 2008 adversarios
1620 1968 1742 2008 non
1770 1951 1930 2008 bona
1957 1948 2075 2006 fide
2107 1950 2278 2008 fieret
2307 1959 2361 2008 et

460 2056 677 2104 sortem
721 2047 974 2104 nominis
1017 2047 1222 2104 falsam
1253 2048 1439 2106 subici
1468 2047 1992 2118 animadvertisset,
2025 2057 2275 2121 repente
2305 2048 2362 2105 in

461 2162 615 2215 eum,
660 2144 760 2218 qui
804 2144 864 2202 id
906 2144 1177 2215 faciebat,
1210 2145 1413 2203 videre
1443 2164 1591 2217 sese,
1623 2145 1766 2219 quid
1810 2145 2048 2216 faceret,
2082 2162 2361 2220 magnum

360 2267 415 2300 20
455 2241 806 2299 inclamavit.
890 2245 1084 2316 Atque
1128 2243 1174 2299 is
1218 2243 1335 2300 oris
1376 2243 1570 2300 vinclo
1614 2244 1834 2300 solutus
1870 2261 1976 2317 per
2012 2260 2193 2301 omne
2223 2242 2361 2300 inde

456 2339 610 2396 vitae
642 2349 873 2413 tempus
903 2358 1024 2397 non
1054 2339 1288 2398 turbide
1318 2358 1513 2414 neque
1542 2340 1801 2398 adhaese
1832 2340 2060 2398 locutus
2091 2350 2199 2398 est.

548 2523 585 2554 1.
618 2511 812 2568 Infans:
841 2511 1062 2556 ‘without
1088 2513 1168 2555 the
1196 2525 1360 2569 power
1522 2524 1588 2556 12.
1614 2511 1850 2561 Ἄνθρωπε,
1885 2518 1999 2556 etc.:
2044 2512 2109 2556 ‘F
2110 2512 2259 2564 ellow,
2297 2510 2361 2553 do

459 2583 515 2629 of
537 2585 742 2642 speech.’
1460 2592 1544 2630 not
1565 2586 1646 2629 kill
1668 2585 1905 2632 Croesus.¹

546 2674 586 2705 2.
618 2661 880 2717 Elinguis:
911 2660 1234 2717 ‘speechless.’
1522 2673 1588 2716 19.
1622 2662 1891 2717 Magnum:
1921 2663 1931 2680 ‘
1949 2661 2138 2717 loudly.'

543 2746 586 2791 5.
616 2734 860 2778 Deduxit:
891 2736 1154 2779 ‘stretched
1176 2736 1333 2792 open!
1519 2748 1588 2779 20.
1620 2735 1734 2778 Inde
1764 2768 1775 2780 .
1808 2767 1819 2779 .
1851 2768 1862 2779 .
1894 2738 2070 2791 tempus
2092 2747 2108 2781 .·
2163 2734 2360 2778 ‘subse—

545 2808 586 2852 6.
632 2807 838 2851 Vitium:
869 2806 1076 2851 ‘defect.’
1462 2815 1609 2865 quent
1630 2809 1772 2854 time.’
1919 2865 1920 2870 ¹

520 2894 584 2925 10.
618 2881 839 2923 Prorsum
890 2881 1099 2938 deinceps
1120 2894 1137 2927 .·
1200 2882 1211 2903 ‘
1238 2880 1360 2925 from
1518 2897 1587 2928 21.
1618 2884 1834 2927 Adhaese
1858 2898 1875 2927 .·
1939 2885 1948 2903 ‘
1973 2881 2356 2938 stammeringly,'

456 2956 555 2999 that
591 2960 803 2998 moment
838 2955 930 2999 on.’
1460 2956 1811 3014 ‘hesitatingly.'

521 3043 587 3075 10.
617 3030 917 3075 Herodotus:
969 3028 1047 3073 the
1085 3032 1109 3050 ‘⁸
1129 3028 1280 3073 father
1317 3031 1367 3074 of

457 3103 677 3159 history‚”
703 3104 826 3146 born
846 3106 933 3159 484
955 3111 1047 3148 B.C.
1070 3110 1117 3146 at
1146 3104 1364 3147 Halicar-

459 3189 644 3221 nassuS.
