2475 3617
507 178 688 258 Fzfly
738 177 986 240 Stories
1010 178 1196 258 from
1242 175 1462 239 Aulus
1512 176 1770 239 Gellius
1996 175 2080 253 67

196 383 604 448 temperarent,
662 371 768 430 sed
840 372 1235 448 imperavisse,
1292 382 1356 430 ut
1427 373 1544 429 iam
1616 373 1813 430 statim
1883 390 2085 430 coram

196 471 447 530 desiliret
475 487 761 546 praeceps
790 470 850 527 in
892 487 1068 528 mare.
1155 475 1168 500 ‘
1193 471 1400 528 Homo
1422 472 1434 495 ’
1463 470 1653 544 inquit
1683 470 1798 528 ‘ibi
1837 471 2083 542 territus,

196 588 296 643 spe
366 569 529 626 omni
586 568 738 625 vitae
808 567 1055 642 perdita,
1114 567 1175 624 id
1231 585 1414 624 unum
1469 577 1677 642 postea
1743 568 1946 639 oravit,
2002 577 2085 639 ut,

195 667 525 741 priusquam
581 674 831 723 mortem
877 665 1204 740 obpeteret‚
1248 663 1492 723 induere
1535 665 1942 740 permitterent
1984 683 2088 723 sua

195 764 300 822 sibi
330 764 530 821 omnia
570 762 917 820 indumenta
959 773 1018 820 et
1059 762 1209 821 fides
1251 781 1463 838 capere
1499 773 1560 821 et
1597 780 1809 820 canere
1853 781 2091 820 carmen
2163 789 2183 835 5

195 880 357 919 casus
413 861 562 919 illius
610 862 698 917 sui
746 860 1120 918 consolabile.
1207 861 1389 918 Feros
1437 870 1498 918 et
1545 861 1810 918 inmanes
1864 861 2087 918 navitas

195 958 525 1034 prolubium
580 968 778 1016 tamen
843 957 1121 1016 audiendi
1182 958 1375 1031 subit,
1418 957 1581 1033 quod
1641 968 1923 1031 oraverat,
1978 959 2087 1015 im-

193 1066 400 1132 petrat.
484 1058 677 1131 Atque
751 1056 831 1114 ibi
908 1074 1047 1113 mox
1118 1055 1194 1112 de
1264 1074 1428 1113 more
1500 1056 1745 1128 cinctus,
1819 1056 2086 1128 amictus,

194 1163 427 1212 ornatus
469 1163 744 1228 stansque
787 1152 847 1210 in
890 1171 1153 1211 summae
1196 1154 1414 1229 puppis
1457 1154 1602 1226 for0,
1632 1172 1890 1225 carmen,
1925 1153 2088 1228 quod

195 1251 517 1309 ‘orthium'
569 1251 802 1323 dicitur,
852 1270 999 1309 voce
1051 1251 1442 1310 sublatissima
1487 1252 1762 1309 cantavit.
1808 1250 1938 1309 -Ad
1983 1270 2089 1326 po-
2138 1278 2189 1308 ιο

192 1358 406 1407 strema
440 1358 645 1406 cantus
687 1367 822 1406 cum
868 1348 1081 1407 fidibus
1124 1358 1452 1424 ornatuque
1496 1348 1675 1420 omni,
1708 1349 1857 1406 sicut
1898 1350 2090 1407 stabat

193 1447 579 1521 canebatque,
627 1446 767 1504 iecit
812 1464 939 1504 sese
989 1446 1195 1521 procul
1245 1447 1307 1504 in
1355 1446 1734 1521 profundum.
1820 1447 2087 1519 Navitae,

192 1544 629 1619 hautquaquam
685 1543 1038 1615 dubitanteS,
1090 1544 1233 1617 quin
1289 1544 1551 1618 perisset,
1603 1563 1855 1614 cursum,
1910 1562 2090 1618 quem

192 1642 385 1699 facere
435 1650 775 1716 coeperant,
826 1651 1155 1698 tenuerunt.
1239 1640 1357 1700 Sed
1404 1659 1618 1699 novum
1661 1652 1721 1699 et
1763 1643 1974 1699 mirum
2030 1652 2090 1699 et

193 1739 354 1814 pium
384 1738 608 1796 facinus
648 1739 933 1813 contigit!
1019 1738 1384 1814 Delphinum
1426 1749 1669 1813 repente
1713 1739 1865 1796 inter
1905 1739 2093 1798 undas
2141 1767 2184 1810 ¹.1

191 1835 497 1894 adnavisse
549 1836 912 1911 fluitantique
956 1854 1084 1893 sese
1129 1836 1351 1894 homini
1409 1836 1738 1894 subdidisse
1796 1847 1856 1894 et
1912 1836 2089 1894 dorso

190 1952 367 2009 super
409 1933 617 1992 fluctus
661 1933 823 1992 edito
852 1934 1173 1991 vectavisse
1216 1934 1613 2008 incolumique
1659 1952 1795 1991 eum
1840 1952 2088 2008 corpore

123 2085 127 2086 ff
190 2040 251 2089 et
307 2040 514 2089 ornatu
583 2032 918 2089 Taenarum
967 2032 1028 2088 in
1079 2041 1292 2089 terram
1351 2032 1704 2088 Laconicam
1766 2032 2087 2090 devexisse.

188 2129 344 2186 Tum
389 2129 669 2186 Arionem
714 2147 948 2204 prorsus
999 2148 1070 2186 ex
1115 2147 1187 2187 eo
1231 2130 1363 2186 loco
1414 2129 1766 2187 Corinthum
1816 2130 2103 2204 petivisse*

189 2226 487 2300 talemque
531 2226 850 2285 Periandro
899 2227 1038 2302 regi,
1082 2226 1269 2301 qualis
1316 2226 1599 2301 delphino
1638 2236 1839 2285 vectus
1885 2225 2088 2299 fuerat,
2136 2254 2191 2284 20

186 2323 519 2398 inopinanti
575 2342 702 2381 sese
761 2323 1042 2399 optulisse
1101 2324 1273 2399 eique
1339 2342 1481 2394 rem,
1540 2325 1710 2382 sicuti
1771 2324 2087 2396 acciderat,

187 2421 528 2479 narravisse.
614 2423 841 2495 Regem
888 2421 1071 2478 istaec
1128 2439 1335 2495 parum
1392 2420 1731 2492 credidisse,
1788 2422 2088 2493 Arionem,

187 2518 357 2592 quasi
439 2518 680 2589 falleret,
758 2517 1039 2576 custodiri
1121 2519 1372 2590 iussisse,
1456 2519 1679 2576 navitas
1762 2518 2088 2594 inquisitOS,

279 2710 318 2743 1.
361 2698 718 2755 Temperarent:
750 2699 761 2718 ⁴
777 2697 1040 2743 refrained.’
1253 2711 1320 2754 14.
1351 2699 1539 2741 Novum
1555 2711 1572 2744 .·
1606 2699 1851 2755 ‘strange.'

274 2782 318 2829 5.
351 2772 661 2817 Indumenta:
694 2773 1003 2817 ‘vestments.’
1254 2783 1319 2829 15.
1353 2773 1525 2819 Pium:
1558 2772 1729 2818 ‘kinds

274 2856 318 2903 5.
349 2846 523 2892 Fides:
556 2846 655 2890 ‘his
677 2847 808 2903 lyre.’
935 2894 949 2913 ·
1253 2848 1320 2892 18.
1363 2847 1624 2891 Taenarum
1643 2861 1660 2893 .·
1703 2848 1783 2891 the
1816 2848 2092 2893 south-west

274 2921 316 2965 6.
348 2922 490 2964 Feros
528 2925 574 2964 et
612 2921 861 2965 inmanes:
915 2920 1089 2964 ‘fierce
1190 2927 1502 2977 promontory
1524 2920 1579 2965 of
1606 2922 1834 2967 Laconia.

135 3029 141 3034 .
184 2995 286 3039 and
309 2995 439 3040 cruel
459 3008 513 3039 as
534 2995 641 3052 they
664 2995 819 3040 were.'
1253 2998 1319 3042 18.
1350 2997 1637 3043 Devexisse:
1661 2997 1870 3040 ‘carried
1886 3004 1933 3040 ιο
1948 2996 2088 3041 land!

273 3084 317 3125 7.
350 3069 655 3115 prolubium:
688 3069 895 3115 ‘desire.'
1252 3083 1318 3126 19.
1351 3071 1583 3117 Prorsus:
1617 3070 1868 3127 ‘straightl

273 3158 316 3201 9.
348 3146 501 3190 Foro:
526 3144 807 3202 ‘gangway.'
1249 3158 1318 3190 20.
1362 3145 1608 3202 Talemque
1645 3179 1655 3189 .
1689 3179 1701 3189 .
1734 3179 1745 3190 .
1779 3144 1974 3201 qualis:
2015 3143 2089 3187 ‘in

248 3232 317 3263 10.
357 3219 576 3263 Ortkium
600 3231 617 3265 .·
680 3221 690 3239 ‘
713 3218 856 3276 high:
917 3219 987 3265 i.e.
1037 3219 1086 3263 in
1190 3218 1307 3263 such
1328 3219 1465 3276 guise
1486 3219 1567 3273 a5,'
1590 3226 1678 3264 etc.

182 3293 334 3351 pitch.
1250 3307 1319 3339 22.
1350 3295 1526 3337 Parum
1544 3306 1560 3339 .·
1595 3292 1814 3349 ‘hardly.'

248 3380 318 3414 10.
349 3366 706 3414 Sublatissima:
739 3370 874 3426 ‘very
894 3368 1037 3426 high:
1251 3382 1319 3426 23.
1352 3367 1602 3425 Inquisitos
1619 3380 1636 3413 .·
1670 3369 1680 3385 ‘
1696 3365 1928 3410 searched
1948 3364 2053 3412 for.'
