2475 3617
282 1272 335 1304 10

284 1759 333 1806 15

284 2469 339 2500 20

380 171 461 234 28
699 170 883 252 Fzfly
931 169 1182 233 Storz‘es
1206 172 1395 252 from
1442 169 1665 232 Aulus
1716 168 1971 233 Gellius

376 366 492 425 las’
537 365 662 424 fuit.
748 366 1033 440 Emptum
1076 365 1301 425 Chares
1344 366 1575 441 scripsit
1619 366 1851 424 talentis
1892 366 2182 425 tredecim
2225 377 2289 425 et

377 464 504 539 regi
546 463 821 538 Philippo
863 463 1190 536 donatum;
1241 464 1358 522 hoc
1400 474 1597 522 autem
1640 464 1789 522 aeris
1832 464 2014 522 nostri
2057 482 2290 521 summa

379 572 469 620 est
513 561 781 619 sestertia
826 571 1090 619 trecenta
1133 560 1476 619 duodecim.
1560 562 1750 636 Super
1794 561 1911 619 hoc
1956 580 2113 637 equo
2159 561 2287 638 dig-

377 677 519 717 num
562 658 847 717 memoria
877 659 1085 730 visum,
1119 657 1303 733 quod,
1338 659 1437 718 ubi
1477 669 1715 717 ornatus
1754 669 1878 717 erat
1912 669 2286 734 armatusque

374 757 450 815 ad
500 756 808 832 proelium,
854 756 1013 814 haud
1057 774 1339 831 umquam
1386 756 1657 815 inscendi
1700 774 1829 815 sese
1874 757 1953 815 ab
1997 757 2133 828 alio,
2177 758 2289 815 nisi

379 855 457 913 ab
489 872 625 929 rege
659 872 862 930 passus
900 854 992 912 sit.
1079 853 1152 911 Id
1194 854 1375 912 etiarn
1417 852 1496 912 de
1537 855 1650 913 isto
1694 872 1852 929 equo
1894 864 2290 913 memoratum

381 962 489 1024 est,
517 952 700 1027 quod,
731 970 867 1034 curn
902 950 1164 1009 insidens
1202 952 1263 1009 in
1302 969 1376 1010 eo
1409 952 1743 1011 Alexander
1776 952 1932 1011 bello
1973 952 2187 1011 Indico
2231 963 2292 1010 et

379 1050 643 1108 facinora
694 1049 914 1112 faciens
970 1048 1162 1121 fortia,
1219 1049 1282 1107 in
1333 1049 1591 1108 hostium
1655 1068 1909 1108 cuneum
1969 1069 2090 1116 non
2152 1051 2291 1109 satis

379 1148 491 1207 sibi
532 1146 850 1222 providens
892 1146 1208 1206 inmisisset
1251 1147 1657 1222 coniectisque
1704 1148 1964 1222 undique
2010 1149 2071 1206 in
2113 1149 2289 1207 Alex·

376 1244 625 1303 andrum
669 1245 818 1317 telis,
855 1245 1190 1304 vulneribus
1233 1245 1364 1303 altis
1406 1246 1466 1303 in
1509 1246 1737 1303 cervice
1781 1255 1957 1320 atque
2001 1246 2063 1303 in
2105 1247 2290 1305 latere

381 1361 566 1417 equus
608 1342 904 1417 perfossus
946 1353 1119 1413 esset,
1152 1341 1539 1400 moribundus
1584 1353 1783 1401 tamen
1826 1361 1895 1400 ac
1938 1360 2127 1418 prope
2171 1344 2292 1402 iarn

381 1440 661 1515 exanguis
723 1457 756 1497 e
821 1439 1031 1498 mediis
1094 1439 1361 1498 hostibus
1424 1458 1623 1515 regem
1685 1441 2054 1499 vivacissimo
2119 1460 2294 1500 eursu

380 1538 576 1596 retulit
615 1547 813 1612 atque,
842 1537 944 1595 ubi
983 1556 1119 1595 eum
1160 1546 1324 1596 extra
1360 1538 1480 1596 tela
1518 1538 1817 1609 extulerat,
1850 1539 1987 1597 ilico
2026 1539 2296 1598 concidit

382 1645 460 1707 et,
518 1634 746 1694 domini
800 1635 918 1692 iam
975 1635 1299 1715 superstitis
1358 1653 1613 1707 securus,
1671 1636 1838 1709 quasi
1893 1654 2032 1693 eum
2087 1654 2294 1695 sensus

379 1733 620 1790 humani
659 1731 880 1790 solacio
919 1732 1174 1789 animam
1218 1733 1521 1807 expiravit.
1603 1734 1759 1790 Tum
1798 1750 1901 1789 rex
1936 1732 2293 1803 Alexander,

382 1840 552 1905 parta
580 1829 704 1887 eius
732 1828 873 1886 belli
902 1829 1162 1901 victoria,
1193 1829 1481 1904 oppidum
1517 1830 1577 1887 in
1613 1829 1802 1888 isdem
1838 1829 1984 1888 locis
2018 1829 2296 1889 condidit

384 1926 562 2002 idque
584 1927 664 1985 ob
689 1926 826 2002 equi
853 1927 1108 1986 honores
1138 1928 1583 2003 ‘Bucephalon'
1614 1927 1945 2003 appellavit.

1037 2185 1162 2241 21.
1216 2187 1308 2252 (Ν.
1346 2190 1408 2237 Α.
1442 2188 1501 2236 V.
1538 2187 1616 2251 v.)

383 2316 673 2366 Cuiusmodi
698 2314 810 2364 ioco
835 2312 1147 2363 incavillatus
1173 2314 1237 2362 sit
1262 2313 1568 2362 Antiochum
1593 2329 1760 2377 regem
1787 2314 1985 2363 Poenus
2015 2313 2291 2364 Hannibal.

464 2443 536 2499 In
569 2441 729 2499 libris
760 2451 1026 2498 veterum
1062 2440 1478 2497 memoriarum
1518 2439 1801 2514 scriptum
1842 2449 1949 2512 est,
1982 2440 2289 2499 Hanniba-

384 2540 503 2597 lern
534 2537 1080 2612 Carthaginiensem
1114 2536 1275 2611 apud
1310 2555 1512 2611 regem
1540 2536 1899 2595 Antiochum
1935 2537 2292 2596 facetissime

446 2723 485 2757 1.
523 2711 697 2754 Chares
712 2725 729 2753 .·
759 2707 814 2753 of
839 2708 1081 2765 Mytilene,
1112 2720 1206 2751 one
1239 2706 1295 2751 of
1474 2722 1517 2765 9.
1549 2708 1805 2753 Inmisisset
1823 2724 1840 2752 :
1863 2709 1987 2753 ‘had
2002 2709 2174 2754 ridden
2187 2710 2286 2762 in’:

384 2784 695 2829 Alexander's
712 2782 913 2836 Officers,
930 2783 1037 2827 who
1051 2789 1196 2827 wrote
1211 2781 1288 2826 his
1389 2781 1468 2826 the
1490 2782 1646 2839 object
1668 2782 1706 2826 is
1728 2783 1871 2840 really
1893 2797 2073 2840 equum.

386 2860 564 2917 history
585 2861 632 2902 in
654 2865 734 2902 ten
755 2857 926 2903 books.
1449 2869 1516 2914 13.
1553 2857 1798 2902 Concidit:
1828 2860 1838 2878 ⁸
1855 2857 1932 2902 fell
1954 2858 2109 2904 dead!

447 2947 485 2980 1.
528 2933 733 2978 Talentis
770 2932 992 2977 tredecim
1009 2948 1027 2976 .·
1077 2944 1108 2976 a
1147 2932 1289 2976 silver
1450 2944 1516 2988 14.
1547 2932 1746 2975 Domini
1776 2965 1787 2977 .
1820 2966 1832 2978 .
1863 2966 1875 2978 .
1905 2945 2092 2977 securus
2108 2949 2127 2977 :
2165 2936 2176 2955 ‘
2193 2946 2290 2977 eer-

384 3010 530 3054 talent
550 3021 646 3052 was
666 3008 814 3052 about
837 3006 998 3064 ¹81200.
1388 3006 1486 3050 tain
1509 3006 1562 3050 of
1585 3006 1659 3050 his
1682 3008 1895 3051 master-'s
1917 3007 2092 3065 safety.'

443 3096 485 3140 3.
517 3083 741 3126 Sestertio
773 3086 978 3126 trecenta
1012 3080 1252 3126 duodecim
1268 3093 1285 3127 .·
1450 3093 1516 3136 17.
1554 3080 1620 3124 Ob
1640 3082 1749 3138 equi
1768 3081 1962 3125 honores
1980 3094 1997 3128 .·
2029 3085 2039 3102 “
2057 3082 2106 3126 in
2134 3082 2288 3127 honor

386 3170 417 3201 a
450 3156 710 3200 sestertium
746 3168 843 3200 was
884 3169 912 3198 a
949 3167 1054 3199 sum
1086 3153 1140 3198 of
1177 3167 1291 3199 1000
1391 3153 1446 3199 of
1470 3153 1544 3198 his
1566 3155 1735 3200 horse!

387 3231 598 3275 sestertii.
1453 3241 1518 3284 19.
1550 3229 1863 3273 Incaw'llatus
1891 3230 1987 3273 sit:
2025 3233 2035 3250 ⁸
2055 3228 2285 3283 mocked,⁰

446 3316 489 3360 3.
523 3305 702 3360 Super:
738 3305 748 3323 ⁸
764 3301 1085 3358 concerning.'
1392 3302 1564 3358 ‘jested
1585 3309 1632 3346 at
1654 3303 1733 3346 the
1755 3316 1961 3359 expense
1983 3304 2057 3350 of:

447 3392 490 3432 4.
528 3377 769 3421 Ornatus:
798 3378 808 3396 ‘
826 3374 1114 3418 harnessed.'
1451 3388 1519 3421 21.
1550 3377 1833 3421 Antiochum
1855 3390 1872 3424 :
1931 3390 2013 3422 see
2063 3387 2176 3423 note
2224 3389 2285 3423 on

449 3461 491 3506 5.
523 3448 738 3492 Inscendi
754 3462 771 3491 .·
801 3450 874 3491 ‘to
895 3447 956 3491 be
978 3447 1239 3492 mounted.'
1392 3462 1439 3505 p.
1470 3451 1538 3503 26,
1569 3450 1597 3494 l.
1625 3461 1668 3506 5.
