2475 3617
428 192 609 277 Fzfly
659 192 908 259 Stories
933 193 1121 276 from
1169 193 1390 257 Aulus
1442 192 1698 258 Gellius
1936 209 2005 277 15

93 391 306 463 fuerat,
344 390 506 449 diem
551 390 775 449 dictum
820 409 947 449 esse
991 390 1068 448 ad
1111 391 1396 466 populum
1441 410 1477 449 a
1519 391 1772 451 Claudio
1812 392 2009 450 Asello

93 489 334 547 tribuno
369 488 578 564 plebis,
608 489 705 545 cui
740 506 956 563 equum
997 488 1057 545 in
1092 506 1340 545 censura
1378 487 1701 560 ademerat,
1733 507 2008 564 eumque,

94 605 232 644 cum
284 596 441 644 esset
487 604 639 658 reus,
682 603 877 660 neque
928 585 1172 644 barbam
1215 586 1441 644 desisse
1483 586 1611 644 radi
1652 604 1845 661 neque
1890 606 2010 645 non

93 683 356 742 candida
383 694 544 742 veste
579 683 666 741 uti
701 701 895 758 neque
931 683 1106 741 fuisse
1142 684 1299 741 cultu
1341 683 1515 742 solito
1554 702 1802 742 reorum.
1891 684 2006 743 Sed

94 801 234 840 cum
270 782 333 839 in
368 799 443 840 eo
481 792 752 857 tempore
787 781 1127 856 Scipionem
1168 782 1452 839 maiorem
1488 782 1880 857 quadraginta
1912 801 2012 839 an—

94 898 307 938 norum
344 879 519 937 fuisse
554 889 870 951 constaret,
906 879 1069 953 quod
1105 878 1183 937 de
1219 879 1403 938 barba
1440 898 1569 937 rasa
1606 880 1685 938 ita
1726 881 2005 955 scriptum

86 987 250 1036 -esset
304 977 675 1035 mirabamur.
776 977 1194 1051 Comperimus
1244 987 1441 1035 autem
1491 988 1719 1036 ceteros
1769 996 2006 1052 quoque

93 1075 154 1133 in
205 1075 398 1133 isdem
448 1074 811 1150 temporibus
861 1075 1088 1133 nobiles
1129 1075 1284 1133 viros
1328 1075 1570 1134 barbam
1612 1076 1674 1133 in
1717 1075 2008 1133 eiusmodi

93 1182 291 1231 aetate
321 1172 665 1244 rasitavisse,
697 1171 1040 1246 idcircoque
1069 1172 1379 1247 plerasque
1410 1172 1693 1247 imagines
1720 1183 2005 1245 veterum,

92 1289 217 1328 non
266 1270 596 1329 admodum
645 1288 869 1343 senum,
919 1268 1025 1329 sed
1074 1270 1134 1328 in
1181 1270 1383 1330 medio
1430 1252 1655 1343 aetatis,
1702 1271 1783 1329 ita
1826 1270 2008 1329 factas

92 1367 381 1427 videmus.
780 1365 789 1382 “

733 1652 852 1708 12.
905 1654 997 1719 (N.
1031 1656 1094 1704 A.
1131 1655 1232 1704 111.
1267 1654 1367 1718 v1.)

93 1834 173 1882 De
210 1834 259 1881 vi
296 1839 446 1896 atque
483 1839 659 1882 natura
693 1832 890 1897 palmae
926 1833 1129 1892 arboris,
1165 1834 1302 1897 quod
1336 1832 1526 1897 lignum
1568 1849 1628 1883 ex
1667 1849 1728 1884 ea
1772 1835 2007 1899 ponderi—

173 1917 271 1964 bus
306 1915 481 1979 positis
514 1916 766 1965 renitatur.

172 2082 290 2138 Per
356 2079 553 2137 hercle
614 2098 740 2138 rem
813 2078 1141 2136 mirandam
1210 2079 1553 2138 Aristoteles
1622 2080 1682 2137 in
1751 2081 2006 2156 septimo
2054 2107 2100 2154 15

93 2177 600 2252 problematorum
646 2186 705 2235 et
751 2177 1095 2235 Plutarchus
1139 2177 1199 2234 in
1243 2187 1455 2236 octavo
1501 2179 2003 2253 Symposiacorum

93 2274 258 2333 dicit.
332 2278 348 2306 ‘
369 2275 426 2333 Si
456 2293 633 2350 super
660 2275 923 2350 palmae'
954 2275 1222 2349 inquiunt
1252 2278 1268 2306 ‘
1288 2275 1511 2334 arboris
1540 2276 1762 2351 lignum
1791 2294 2005 2351 magna

93 2373 363 2447 pondera
409 2372 679 2447 imponas
724 2390 794 2429 ac
840 2382 961 2429 tam
1005 2373 1260 2448 graviter
1302 2391 1506 2448 urgeas
1550 2391 1894 2448 oneresque,
1939 2385 2003 2432 ut

93 2469 444 2545 magnitudo
508 2469 701 2528 oneris
767 2470 1037 2528 sustineri
1105 2488 1226 2528 non
1289 2480 1483 2544 queat,
1542 2489 1662 2529 non
1727 2471 2001 2530 deorsum

92 2568 295 2643 palma
349 2567 512 2625 cedit
568 2585 680 2625 nec
736 2568 888 2626 intra
945 2567 1215 2640 flectitur,
1274 2567 1381 2626 sed
1437 2568 1715 2627 adversus
1770 2569 2006 2644 pondus
2049 2596 2104 2627 20

151 2751 192 2785 1.
225 2738 371 2783 Diem
393 2772 406 2785 .
428 2771 441 2784 .
465 2771 478 2784 .
497 2738 754 2795 populum:
786 2738 913 2783 ‘that
938 2738 1000 2782 he
1103 2740 1314 2784 accused
1350 2752 1551 2796 persons
1583 2746 1633 2784 to
1664 2741 1852 2797 neglect
1882 2741 2005 2787 their

94 2813 189 2857 had
212 2814 339 2879 been
363 2813 489 2857 cited
511 2819 560 2857 to
582 2826 764 2870 appear
795 2812 868 2858 for
897 2812 1001 2858 trial
1102 2814 1291 2867 beards,
1309 2815 1406 2858 and
1424 2821 1472 2858 to
1488 2827 1613 2859 wear
1635 2814 1755 2859 dark
1776 2828 1832 2860 or
1851 2816 2003 2861 soiled

92 2888 257 2932 before
294 2887 374 2931 the
411 2887 619 2944 people.'
683 2888 762 2932 He
792 2901 889 2932 was
924 2901 1003 2932 ac·
1103 2888 1315 2944 clothing
1337 2895 1384 2932 to
1406 2889 1556 2933 excite
1585 2888 1664 2933 the
1696 2892 2003 2947 compassion

93 2964 243 3007 cused
261 2961 319 3006 of
334 2962 551 3006 maiestas
572 2962 620 3005 in
641 2975 723 3019 139
740 2970 849 3016 B.c.‚
863 2963 1001 3007 when
1103 2962 1156 3007 of
1179 2963 1261 3006 the
1283 2963 1456 3019 public.

94 3037 244 3082 about
262 3037 325 3093 46
343 3049 481 3094 years
503 3034 558 3080 of
572 3049 676 3094 age.
1188 3051 1231 3094 9.
1264 3038 1499 3095 Imagines
1517 3054 1535 3082 :
1584 3051 1672 3096 eg.
1722 3039 1857 3085 busts
1905 3041 2003 3085 and

149 3125 192 3157 2.
223 3112 420 3169 Equum
457 3144 469 3156 .
508 3144 521 3157 .
558 3144 570 3155 .
605 3111 877 3156 ademerat:
926 3112 1000 3159 i.e.
1102 3112 1288 3157 medals
1320 3126 1375 3156 or
1407 3112 1556 3174 coins.

93 3185 191 3231 had
233 3186 467 3242 deprived
509 3185 564 3229 of
602 3184 676 3229 his
717 3185 838 3230 rank
877 3198 932 3230 as
971 3199 1002 3230 a
1164 3197 1230 3244 15.
1263 3187 1358 3230 Per
1380 3221 1390 3231 .
1413 3219 1424 3231 .
1446 3221 1458 3232 .
1479 3187 1786 3233 mirandam:
1813 3190 1992 3235 tmesis.

97 3260 281 3319 knight.
1164 3274 1230 3317 19.
1263 3262 1493 3304 Deorsum
1508 3274 1525 3308 .·
1549 3261 1826 3316 devorsum,‘
1842 3263 2005 3308 down-

150 3350 192 3394 3.
223 3336 435 3380 Barbam
486 3368 499 3381 .
541 3368 554 3381 .
595 3368 606 3380 .
657 3349 749 3378 non
798 3336 1001 3380 candida
1042 3333 1049 3348 ⁸
1101 3335 1285 3380 wards.'

96 3415 226 3466 veste,
259 3415 381 3455 etc.:
425 3408 461 3453 it
490 3422 587 3454 was
628 3415 899 3465 customary
930 3409 1002 3454 for

1659 3491 1730 3536 κ’
1831 3513 1840 3532 ι
1879 3487 1898 3496 ἡ
1931 3497 1958 3510 '‘
1995 3484 2024 3522 ἦ
2049 3470 2146 3550 iia)

1857 3561 1912 3584 (J
1949 3565 2044 3582 Ίῐτῑ,

2056 1298 2107 1328 10
