2475 3617
375 1222 425 1253 10

473 141 558 204 34
789 124 974 205 Fifty
1026 123 1276 187 Stories
1301 125 1488 206 from
1536 123 1757 186 Aulus
1809 120 2069 184 Gellius

470 322 791 396 compluris
846 332 1076 380 ceteros
1132 322 1209 379 ad
1267 339 1527 396 pugnam
1584 320 1905 379 bestiarum
1955 318 2129 378 datos
2185 337 2390 377 servus

469 419 575 476 viri
619 418 939 477 consularis
960 440 977 491 3
1035 420 1090 476 ei
1139 437 1307 476 servo
1350 417 1682 475 Androclus
1723 434 1947 474 nomen
1989 416 2113 473 fuit.
2203 418 2389 473 Hunc
2462 479 2465 489 ,

471 516 567 573 ille
606 516 700 574 leo
737 517 840 574 ubi
867 517 1014 574 vidit
1053 517 1279 591 procul,
1315 516 1594 590 repente’
1627 514 1815 588 inquit
1844 513 2045 588 ‘quasi
2084 513 2390 571 admirans

472 614 634 671 stetit
675 632 746 671 ac
789 613 1008 671 deinde
1051 616 1270 671 sensim
1313 624 1491 688 atque
1538 612 1792 687 placide,
1836 621 2139 686 tamquam
2188 611 2388 668 nosci-

467 710 780 783 tabundus,
839 710 917 768 ad
974 711 1276 768 hominem
1333 709 1585 767 accedit.
1689 710 1845 765 Tum
1902 707 2157 765 caudam
2216 726 2387 767 more

472 817 650 882 atque
691 809 802 866 ritu
838 807 1201 864 adulantium
1237 825 1452 863 canum
1484 806 1809 863 clementer
1842 815 1902 863 et
1931 804 2149 864 blande
2182 816 2390 864 movet

472 905 843 979 hominisque
884 923 945 962 se
987 905 1220 978 corpori
1260 904 1524 978 adiungit
1562 921 1849 978 cruraque
1889 904 2014 961 eius
2052 912 2115 960 et
2153 922 2388 977 manus,

471 1019 658 1077 prope
721 1003 836 1059 iam
901 1002 1217 1059 exanimati
1283 1012 1463 1072 metu,
1521 1000 1716 1075 lingua
1786 1000 1997 1058 leniter
2057 1000 2387 1059 demulcet.

471 1099 679 1156 Homo
733 1096 1064 1157 Androclus
1121 1098 1275 1156 inter
1330 1098 1427 1155 illa
1483 1107 1601 1154 tam
1664 1097 1878 1155 atrocis
1936 1098 2093 1155 ferae
2150 1098 2387 1156 blandi-

468 1206 669 1254 menta
710 1197 988 1254 amissum
1032 1198 1296 1253 animum
1339 1205 1669 1270 recuperat,
1714 1195 1996 1270 paulatim
2049 1195 2256 1253 oculos
2308 1195 2388 1254 ad

469 1293 874 1351 contuendum
931 1294 1165 1351 leonem
1222 1294 1418 1351 refert.
1500 1294 1656 1349 Tum
1705 1294 1870 1368 quasi
1922 1302 2126 1351 mutua
2174 1311 2385 1369 recog-

468 1391 695 1448 nitione
752 1391 908 1448 facta
962 1391 1180 1448 laetos'
1232 1391 1424 1466 inquit
1480 1393 1496 1421 ‘
1518 1400 1577 1448 et
1631 1390 2092 1465 gratulabundos
2147 1390 2388 1449 videres

468 1488 769 1546 hominem
812 1498 872 1545 et
913 1488 1187 1546 leonem.’

548 1586 638 1643 Ea
693 1604 754 1643 re
811 1603 1049 1660 prorsus
1098 1597 1220 1644 tam
1271 1585 1617 1645 admirabile
1665 1586 1955 1644 maximos
2003 1585 2214 1660 populi
2263 1587 2386 1644 cla-

464 1702 658 1741 mores
703 1683 989 1741 excitatos
1035 1682 1199 1755 dicit,
1247 1683 1718 1758 accersitumque
1762 1701 1798 1739 a
1843 1683 2098 1741 Caesare
2144 1683 2385 1743 Andro·

466 1781 623 1838 clum
662 1781 1107 1856 quaesitamque
1146 1799 1404 1852 causam,
1435 1799 1539 1837 cur
1572 1781 1654 1838 illi
1696 1780 2095 1839 atrocissimus
2139 1781 2237 1839 leo
2280 1782 2387 1839 uni

464 1878 756 1952 parsisset.
863 1878 956 1935 Ibi
1009 1876 1344 1936 Androclus
1398 1896 1524 1935 rem
1580 1878 1888 1935 mirificam
1944 1888 2142 1935 narrat
2198 1889 2385 1954 atque

465 1974 896 2033 admirandum.
981 1977 1171 2034 ‘Cum
1214 1976 1614 2051 provinciam'
1659 1976 1850 2051 inquit
1891 1975 2190 2032 ‘Africam
2240 1994 2381 2051 pro·
2455 2026 2463 2046 ,

463 2073 753 2130 consulari
794 2074 1047 2148 imperio
1092 2092 1259 2132 meus
1302 2072 1578 2131 dominus
1624 2074 1937 2145 obtineret,
1979 2091 2092 2148 ego
2139 2074 2224 2133 ibi
2271 2074 2381 2132 ini-

364 2197 385 2213 ο
460 2170 588 2244 quis
624 2169 749 2226 eius
792 2179 852 2227 et
884 2169 1197 2228 cotidianis
1235 2171 1575 2229 verberibus
1613 2168 1689 2226 ad
1730 2171 1926 2245 fugam
1964 2189 2095 2227 sum
2129 2182 2382 2230 coactus

462 2276 540 2338 et,
595 2277 661 2325 ut
719 2267 865 2325 mihi
920 2286 956 2323 a
1010 2266 1276 2340 domin0‚
1333 2277 1518 2326 terrae
1576 2267 1727 2325 illius
1784 2267 2076 2342 praeside,
2128 2269 2381 2328 tutiores

461 2364 720 2422 latebrae
770 2365 977 2436 forent,
1022 2365 1080 2422 in
1138 2383 1484 2440 camporum
1541 2374 1601 2422 et
1655 2383 1965 2423 arenarum
2024 2365 2380 2426 solitudines

461 2462 727 2521 concessi
784 2480 872 2534 ae,
918 2462 967 2519 si
1015 2461 1297 2521 defuisset
1348 2462 1533 2534 cibuS‚
1578 2463 1889 2520 consilium
1943 2462 2069 2534 fuit,
2118 2475 2378 2522 mortem

460 2561 656 2636 aliquo
692 2571 868 2635 pacto
904 2580 1204 2637 quaerere.
1278 2562 1434 2618 Turn
1469 2560 1592 2618 sole
1626 2559 1863 2618 medio'
1899 2560 2094 2636 inquit
2130 2562 2378 2620 ‘rabido
2457 2555 2458 2558 '

548 2744 586 2777 1.
618 2731 730 2776 Ad.
755 2764 765 2776 .
788 2765 799 2776 .
822 2731 989 2775 datos:
1031 2731 1365 2775 ‘condemned
1527 2742 1594 2787 15.
1633 2731 1860 2778 Caesare:
1894 2732 2132 2791 probably
2164 2734 2245 2778 the
2276 2746 2377 2777 em-

457 2812 506 2851 to
528 2806 643 2863 fight
667 2805 775 2850 with
800 2806 908 2849 wild
930 2806 1090 2849 beasts
1107 2806 1140 2856 ’ς
1177 2818 1206 2848 a
1234 2818 1365 2849 com-
1464 2817 1607 2862 perot
1639 2803 1889 2860 Claudius,
1914 2805 2024 2852 who
2056 2807 2258 2865 reigned
2286 2819 2377 2864 41-

459 2894 576 2925 mon
616 2879 737 2925 form
783 2879 838 2924 of
880 2879 1024 2923 death
1064 2879 1257 2936 penalty
1291 2877 1363 2922 for
1464 2889 1523 2935 54
1542 2887 1648 2924 ΑΔ).

456 2958 627 3001 slaves.
1525 2966 1591 3009 17.
1621 2954 1883 3001 Parsisset:
1900 2972 1937 2988 =
1950 2957 2247 3012 pepercisset.

542 3045 585 3087 4.
617 3029 993 3074 Noscitabundus
1016 3040 1034 3075 .·
1088 3031 1098 3048 ‘
1120 3026 1363 3084 recogniz-
1522 3040 1591 3074 21.
1624 3028 1883 3075 Praeside:
1915 3031 1926 3049 ⁴
1944 3031 2213 3087 governor-⁹

458 3104 567 3161 ing!
1523 3105 1593 3159 2'4.
1626 3103 1731 3147 Sole
1762 3136 1773 3148 .
1806 3137 1816 3148 .
1850 3137 1861 3149 .
1879 3104 2164 3161 flagranti:
2207 3104 2372 3150 ‘while

544 3188 587 3235 5.
618 3179 758 3221 More
801 3182 940 3234 atque
979 3177 1078 3220 ritu
1096 3188 1112 3222 .·
1164 3179 1174 3196 ‘
1193 3175 1243 3219 in
1282 3176 1362 3219 the
1464 3177 1545 3220 the
1604 3176 1803 3233 midday
1861 3190 1953 3222 sun
2013 3177 2206 3224 burned
2256 3176 2373 3224 with

459 3250 675 3294 habitual
696 3251 923 3294 manner.'
1465 3249 1632 3306 raging
1660 3248 1801 3295 beat:

523 3335 590 3366 12.
634 3322 855 3368 Videres:
898 3323 1017 3378 ‘you
1047 3321 1198 3378 might
1238 3321 1363 3366 have

462 3394 604 3439 seen?

2445 3219 2455 3256 4
