2475 3617
286 1243 340 1274 10

289 2033 337 2081 15

285 2523 341 2554 20

376 142 470 221 ,38
711 141 895 222 Fz'fty
946 140 1195 204 Storz‘es
1218 142 1405 223 from
1453 140 1673 203 Aulus
1723 140 1977 203 Gellius

467 338 540 394 In
597 355 670 396 eo
726 347 993 412 tempore
1042 337 1291 395 Athenis
1343 338 1639 395 Electram
1697 337 2004 412 Sophoclis
2060 347 2295 395 acturus

384 445 614 511 gestare
663 453 870 492 urnam
920 435 1086 510 quasi
1136 454 1275 492 cum
1321 435 1519 494 Oresti
1563 435 1792 493 ossibus
1837 436 2115 493 debebat.
2201 436 2297 493 Ita

385 533 783 608 compositum
841 533 1070 591 fabulae
1128 543 1539 608 argumentum
1595 543 1700 605 est,
1758 543 1824 590 ut
1868 533 2048 590 veluti
2105 533 2294 591 fratris

384 631 657 704 reliquias
696 631 887 689 ferens
929 631 1166 689 Electra
1202 632 1535 706 comploret
1573 631 2171 705 commisereaturque
2206 631 2293 688 in-

380 729 618 787 teritum
670 729 793 787 eius
844 729 1258 787 existimatum.
1344 730 1531 804 Igitur
1577 730 1771 802 Polus,
1816 729 2044 804 lugubri
2089 728 2293 787 habitu

388 826 657 884 Electrae
698 826 952 897 indutuS,
983 845 1117 884 ossa
1153 836 1331 901 atque
1375 845 1581 884 urnam
1626 845 1659 885 e
1703 826 1977 901 sepulcro
2018 826 2150 884 tulit
2192 826 2297 884 filii

389 933 465 995 et,
497 924 662 999 quasi
691 924 885 983 Oresti
920 925 1244 999 amplexuS‚
1275 925 1539 999 opplevit
1578 924 1778 982 omnia
1812 942 1932 982 non
1971 924 2297 982 simulacris

385 1039 580 1096 neque
637 1021 1035 1093 imitamentiS,
1094 1022 1200 1079 sed
1258 1023 1416 1080 luctu
1473 1032 1649 1097 atque
1707 1022 1977 1079 lamentis
2025 1022 2178 1079 veris
2235 1032 2299 1080 et

384 1120 753 1194 spirantibus.
867 1121 1076 1194 Itaque
1139 1138 1277 1177 cum
1346 1121 1441 1195 agi
1506 1119 1702 1178 fabula
1754 1118 2066 1191 videretur,
2122 1117 2300 1177 dolor

380 1226 545 1273 actus
588 1227 696 1275 est.

980 1526 1103 1583 27.
1158 1529 1250 1594 (N.
1285 1531 1347 1579 A.
1382 1530 1472 1579 VI.
1508 1529 1686 1593 xvm.)

384 1694 465 1742 De
510 1693 772 1741 observata
817 1693 1163 1757 custoditaque
1203 1695 1339 1757 apud
1381 1694 1639 1741 Romanos
1678 1694 1993 1744 iurisiurandi
2027 1695 2301 1743 sanctimo-

467 1776 572 1835 nia;
639 1782 789 1839 atque
835 1776 957 1824 inibi
1004 1778 1067 1824 de
1115 1777 1290 1824 decem
1337 1777 1557 1840 captivis,
1598 1792 1724 1841 quos
1773 1778 1986 1825 Romam
2035 1777 2303 1826 Hannibal

466 1859 657 1908 deiurio
692 1859 756 1907 ab
791 1859 869 1906 his
904 1866 1113 1922 accepto
1147 1859 1347 1922 legavit.

465 2005 878 2065 Iusiurandum
922 2005 1082 2081 apud
1124 2008 1431 2066 Romanos
1465 2008 1740 2066 inviolate
1776 2017 2094 2083 sancteque
2130 2008 2299 2066 habi-

385 2114 509 2164 tum
546 2114 958 2180 servatumque
1000 2115 1105 2163 est.
1191 2105 1266 2163 Id
1306 2115 1365 2163 et
1407 2106 1667 2163 moribus
1710 2106 2052 2180 legibusque
2097 2107 2303 2164 multis

386 2203 732 2274 ostenditur,
791 2213 852 2260 et
913 2202 1050 2274 hoe,
1106 2203 1270 2278 quod
1327 2202 1615 2275 dicemuS,
1673 2203 1727 2260 ei
1788 2204 1872 2260 rei
1933 2221 2053 2260 non
2114 2213 2301 2261 tenue

386 2309 796 2376 argumentum
825 2318 952 2358 esse
982 2310 1196 2374 potest.
1283 2303 1423 2359 Post
1456 2300 1744 2375 proelium
1774 2302 2088 2360 Cannense
2127 2302 2301 2357 Han-

385 2399 561 2470 nibal,
620 2398 1190 2473 Carthaginiensium
1247 2398 1584 2473 imperator,
1641 2417 1714 2455 ex
1774 2398 2020 2473 captivis
2082 2398 2304 2456 nostris

383 2497 604 2554 electos
640 2495 853 2554 decem
896 2497 1153 2554 Romam
1188 2496 1347 2554 misit
1383 2495 1801 2570 mandavitque
1844 2496 1928 2553 eis
1967 2505 2304 2570 pactusque

388 2603 492 2665 est,
537 2604 620 2666 ut,
671 2594 718 2652 si
768 2594 990 2668 populo
1042 2595 1319 2652 Romano
1363 2592 1676 2666 videretur,
1722 2593 2077 2669 permutatio
2130 2592 2306 2651 fieret

450 2778 488 2811 1.
518 2766 800 2809 Electram:
849 2778 944 2810 one
975 2764 1029 2810 of
1055 2765 1134 2810 the
1166 2770 1292 2809 most
1479 2779 1522 2822 3.
1552 2765 1759 2808 Fabulae
1787 2768 2114 2820 argumentum
2132 2779 2150 2807 .·
2195 2765 2312 2810 ‘the

387 2839 606 2884 admired
638 2839 692 2883 of
725 2839 1007 2896 Sophocles'
1039 2840 1290 2896 tragedies,
1392 2839 1492 2896 plot
1514 2838 1568 2883 of
1591 2839 1670 2882 the
1692 2839 1888 2884 drama!

388 2914 439 2959 of
493 2913 647 2958 which
710 2927 855 2958 seven
917 2916 1029 2971 only
1078 2927 1158 2958 are
1213 2927 1291 2957 ex·
1477 2924 1520 2971 5.
1552 2914 1732 2957 Habitu
1748 2914 1968 2957 Electrae
1988 2927 2005 2956 .·
2025 2912 2105 2955 the
2123 2912 2309 2959 female

387 2994 501 3034 tant.
581 2988 850 3045 Sophocles
920 3002 1018 3033 was
1079 3001 1172 3032 one
1243 2986 1298 3031 of
1391 2988 1512 3033 rbles
1544 3001 1668 3033 were
1704 2988 1844 3031 acted
1878 2989 1942 3044 by
1973 2999 2083 3031 men
2128 2986 2178 3031 in
2224 2989 2309 3033 the

386 3063 466 3107 the
497 3062 629 3106 three
660 3069 865 3120 greatest
896 3063 1043 3120 tragic
1073 3069 1211 3120 poets
1243 3062 1297 3107 of
1391 3062 1581 3107 ancient
1603 3063 1785 3108 drama.

386 3137 587 3182 Athens.
1454 3150 1522 3194 14.
1553 3138 1791 3181 Deiurio:
1821 3139 1908 3181 ‘an
1930 3136 2073 3182 oathl

447 3226 487 3255 2.
527 3211 717 3256 Oresti:
780 3213 790 3231 ⁸
809 3210 864 3255 of
923 3211 1144 3264 Orestes‚’
1204 3210 1291 3254 her
1454 3213 1521 3257 18.
1551 3212 1790 3255 Proelium
1811 3213 2074 3256 Cannense:
2089 3212 2177 3256 216
2191 3220 2308 3266 B.C.,

388 3285 597 3338 brother,
628 3283 737 3328 who
769 3297 865 3329 was
896 3284 1099 3341 thought
1139 3290 1188 3328 to
1228 3286 1290 3327 bc
1395 3284 1473 3328 the
1507 3292 1710 3340 greatest
1746 3286 1902 3330 defeat
1937 3299 2047 3329 ever
2086 3285 2309 3332 suffered

391 3359 533 3404 dead.
1394 3359 1457 3415 by
1479 3360 1558 3403 the
1582 3361 1811 3406 Romans·
