2475 3617
367 123 553 204 szty
602 122 856 187 Stories
880 123 1067 204 from
1114 122 1338 184 Aulus
1388 121 1641 184 Gellius
1875 139 1952 202 33

72 329 173 378 tam
216 319 578 395 reliquerunt
618 337 975 393 causamque
1005 319 1064 376 in
1093 318 1256 377 diem
1285 319 1686 394 longissimam
1717 317 1955 377 distule-

71 428 200 475 runt.
288 417 383 476 Sic
427 417 504 476 ab
545 415 924 475 adulescente
958 416 1252 491 discipulo
1282 417 1559 491 magister
1586 416 1958 491 eloquentiae

70 515 308 573 inclutus
352 533 462 572 suo
507 514 618 573 sibi
662 524 1007 589 argumento
1056 513 1393 572 confutatus
1436 524 1524 571 est
1567 523 1626 572 et
1668 513 1960 588 captionis

70 622 285 671 versute
314 612 684 687 excogitatae
724 610 1026 668 frustratus
1061 610 1184 668 fuit.

696 1001 820 1057 24.
864 1004 954 1067 (N.
990 1005 1052 1053 A.
1087 1004 1149 1052 V.
1185 1004 1321 1067 xxv.)
2037 1024 2064 1069 5

68 1167 205 1230 Quod
241 1167 431 1232 Apion,
467 1168 644 1216 doctus
682 1166 854 1225 homo,
889 1167 974 1231 qui
1010 1165 1304 1215 Plistonices
1343 1166 1624 1230 appellatus
1659 1173 1750 1225 est,
1784 1167 1966 1216 vidisse

137 1267 191 1299 se
236 1251 433 1299 Romae
473 1250 669 1314 scripsit
708 1249 1106 1312 recognitionem
1140 1249 1271 1297 inter
1304 1264 1413 1297 sese
1448 1256 1672 1298 mutuam
1706 1265 1767 1297 ex
1799 1257 1966 1298 vetere

138 1333 321 1382 notitia
353 1332 571 1381 hominis
606 1338 658 1380 et
690 1331 864 1380 leoniS.

134 1480 359 1556 Apion,
401 1480 504 1555 qui
546 1482 563 1511 ‘
584 1478 963 1537 Plistonices'
1008 1478 1336 1553 appellatus
1380 1488 1487 1551 est,
1529 1479 1736 1538 litteris
1784 1480 1967 1539 homo

65 1566 255 1636 multis
315 1576 616 1652 praeditus
677 1594 991 1650 rerumque
1047 1577 1412 1635 Graecarum
1477 1576 1729 1651 plurima
1792 1587 1970 1653 atque
2016 1605 2068 1636 10

62 1676 219 1733 varia
266 1674 514 1733 scientia
560 1674 684 1731 fuit.

150 1808 187 1843 ι
438 1805 474 1841 ι
720 1806 757 1841 ι
1002 1806 1035 1840 ιι
1281 1804 1317 1840 ι
1562 1806 1616 1842 ι.
1843 1807 1879 1843 ι

135 1907 152 1936 ‘
176 1904 253 1961 In
322 1902 483 1960 circo
545 1901 839 1961 maximo'
905 1901 1095 1976 inquit
1151 1902 1512 1960 ‘venationis
1575 1903 1967 1977 amplissimae

60 2018 261 2077 pugna
314 2000 539 2076 populo
594 1999 864 2059 dabatur.
971 2000 1113 2057 Eius
1171 1999 1275 2071 rei,
1333 2001 1564 2059 Romae
1623 2019 1760 2058 eum
1817 2001 1967 2060 forte

63 2115 275 2170 essem,
318 2099 650 2173 spectator'
709 2097 899 2172 inquit
956 2099 973 2128 ‘
993 2097 1092 2155 fui.
1205 2097 1430 2155 Multae
1499 2098 1582 2157 ibi
1643 2099 1971 2159 saevientes

61 2195 241 2269 ferae,
298 2195 734 2271 magnitudines
790 2194 1110 2253 bestiarum
1168 2195 1525 2272 excellentes
1588 2197 1972 2273 omniumque
2020 2224 2066 2271 ¹5

60 2293 356 2352 invisitata
400 2302 501 2351 aut
546 2293 732 2350 forma
777 2302 901 2350 erat
945 2302 1047 2350 aut
1091 2292 1330 2351 ferocia.
1415 2292 1533 2352 Sed
1578 2304 1813 2369 praeter
1856 2296 1971 2354 alia

57 2390 263 2449 omnia
300 2390 541 2449 leonum
562 2392 575 2416 '
605 2390 795 2465 inquit
823 2390 1193 2448 ‘immanitas
1234 2389 1609 2449 admirationi
1653 2391 1759 2450 fuit
1799 2411 1969 2468 prae-

58 2498 270 2565 terque
306 2488 498 2547 omnis
533 2497 764 2546 ceteros
798 2505 964 2545 unus,
1051 2488 1110 2546 Is
1138 2506 1289 2560 unus
1322 2489 1416 2547 leo
1446 2490 1709 2564 corporis
1743 2490 1971 2566 impetu

57 2598 114 2646 et
188 2585 547 2645 vastitudine
624 2586 998 2660 terrificoque
1075 2586 1313 2644 fremitu
1389 2597 1449 2644 et
1524 2606 1757 2660 sonor0,
1829 2590 1970 2648 toris

57 2686 371 2759 comisque
456 2682 750 2741 cervicum
836 2683 1268 2755 fluctuantibuS‚
1346 2684 1574 2742 animos
1652 2687 1975 2763 oculosque
2017 2715 2070 2745 20

54 2784 330 2841 omnium
386 2782 450 2840 in
504 2800 632 2840 sese
689 2791 1074 2840 converterat.
1185 2782 1568 2841 Introductus
1634 2795 1757 2842 erat
1821 2785 1975 2843 inter

112 2968 158 3002 1.
193 2954 527 3000 Distulmnt:
559 2955 570 2975 ‘
587 2953 886 3010 adjourned.'
1160 2953 1201 2998 6.
1232 2954 1538 3001 Plistonices:
1577 2954 1655 3001 i.e.
1686 2969 1716 3000 a
1745 2955 1894 3001 victor
1924 2957 1973 3001 in

107 3046 158 3089 4.
208 3031 395 3076 Versute
413 3042 430 3076 .·
498 3030 509 3049 ¹
528 3027 756 3085 adroitly,'
814 3030 824 3049 ⁶
844 3040 972 3073 care-
1073 3041 1217 3084 many
1238 3034 1462 3074 contests.

50 3105 203 3164 fully:
1131 3115 1199 3147 10.
1230 3102 1501 3160 Rerumque
1518 3116 1535 3149 .·
1569 3106 1579 3124 ‘
1594 3103 1805 3161 history.'

108 3182 158 3226 6.
193 3179 386 3237 Apion:
443 3191 473 3222 a
523 3178 682 3222 Greek
730 3189 969 3234 gramma-
1131 3177 1197 3221 16.
1228 3176 1507 3224 Invisitata:
1528 3181 1538 3198 ‘
1554 3182 1879 3225 uncommon.'

49 3255 161 3299 rian
189 3253 245 3297 of
268 3252 350 3297 the
370 3252 469 3297 first
492 3258 688 3309 century
709 3260 815 3297 A.D.
1131 3263 1197 3307 19.
1241 3252 1376 3295 Toris
1422 3252 1649 3309 comisque
1673 3267 1691 3296 .·
1750 3255 1761 3273 ⁴
1784 3255 1847 3311 by
1896 3254 1971 3298 his

1070 3324 1290 3382 bristling
1319 3326 1490 3371 mane.'
