2475 3617
536 198 722 281 Fzfly
769 197 825 263 S
825 199 1018 263 ίαν-ἰω-
1042 200 1232 282 from
1280 198 1501 262 Aulus
1552 199 1808 264 Gellius
2046 218 2123 284 25

212 394 579 454 difficillimis
613 396 888 454 consules
920 395 1166 454 creandi
1200 396 1395 488 forent
1428 406 1487 455 et
1525 397 1574 454 is
1611 397 1861 455 Rufinus
1897 408 2129 473 peteret

213 493 589 552 consulatum
627 493 1169 569 competitoresque
1208 494 1333 551 eius
1371 503 1567 552 essent
1604 494 1849 553 inbelles
1886 495 2128 571 quidam

214 599 275 649 et
310 591 551 662 futtiles,
587 609 818 649 summa
858 608 976 666 ope
1018 590 1269 649 adnixus
1307 601 1397 649 est
1437 592 1754 663 Fabricius,
1785 592 1870 649 uti
1909 593 2127 652 Rufino

211 688 553 747 consulatus
602 687 950 746 deferretur.
1050 689 1201 746 Eam
1258 706 1384 746 rem
1443 689 1735 764 plerisque
1783 689 2125 748 admiranti-

212 785 343 858 buS,
400 785 567 860 quod
624 785 930 844 hominem
985 804 1244 857 avarum,
1301 786 1395 843 cui
1463 796 1618 844 esset
1678 787 2129 860 inimicissimuS‚
2203 814 2223 861 5

211 883 402 941 creari
445 883 752 941 consulem
791 892 1044 958 peteret,
1085 887 1100 913 ‘
1122 882 1326 953 Malo,'
1365 883 1556 957 inquit
1594 887 1610 914 ‘
1629 883 1773 941 civis
1816 902 1911 941 me
1961 902 2124 942 corn-

211 980 377 1056 pilet,
409 998 587 1056 quam
624 980 810 1039 hostis
842 978 1100 1038 vendat.²

292 1077 481 1136 Hunc
522 1079 804 1137 Rufinum
839 1088 1048 1153 postea
1082 1077 1172 1136 bis
1205 1078 1514 1136 consulatu
1547 1087 1608 1137 et
1642 1076 1933 1136 dictatura
1961 1079 2123 1136 func-

210 1185 340 1234 tum
389 1194 602 1234 censor
644 1175 947 1235 Fabricius
995 1185 1202 1233 senatu
1253 1176 1435 1233 movit
1478 1176 1560 1234 ob
1600 1175 1859 1233 luxuriae
1900 1186 2123 1249 notam,

209 1272 379 1348 quod
433 1272 648 1331 decem
706 1272 912 1348 pondo
965 1272 1143 1330 libras
1198 1272 1427 1347 argenti
1482 1273 1620 1330 facti
1677 1272 1939 1331 haberet.
2053 1273 2127 1331 Id
2172 1301 2224 1331 10

208 1381 432 1442 autem,
463 1370 630 1445 quod
664 1388 841 1445 supra
867 1370 1093 1444 scripsi,
1124 1370 1458 1428 Fabricium
1487 1370 1566 1429 de
1596 1370 1876 1429 Cornelio
1904 1371 2124 1430 Rufino

209 1469 312 1552 ita,
361 1468 448 1527 uti
502 1469 566 1528 in
620 1468 902 1544 pleraque
958 1467 1200 1525 historia
1250 1468 1533 1543 scriptum
1589 1477 1696 1539 est,
1746 1466 1983 1540 dixisse,
2035 1471 2120 1527 M.

207 1565 429 1624 Cicero
485 1556 627 1623 non‘
661 1561 790 1623 aliis
845 1583 882 1621 a
938 1563 1227 1634 Fabrici0,
1285 1564 1391 1622 sed
1448 1564 1562 1640 ipsi
1615 1565 1854 1637 Rufino,
1909 1565 2122 1641 gratias

205 1663 429 1739 agenti,
459 1661 626 1737 quod
655 1679 773 1737 ope
802 1662 926 1720 eius
955 1661 1296 1736 designatus
1324 1671 1499 1734 esset,
1530 1662 1758 1720 dictum
1786 1679 1913 1721 esse
1943 1662 2121 1722 refert

204 1760 269 1818 in
299 1759 451 1818 libro
483 1758 749 1818 secundo
777 1757 856 1817 de
886 1769 1138 1818 oratore.
1776 1777 1782 1782 ’
2168 1786 2216 1834 ¹5

810 2077 930 2134 19.
985 2080 1076 2144 (N.
1111 2082 1174 2130 A.
1211 2081 1301 2130 IV.
1336 2079 1518 2144 xvm.)

197 2233 289 2282 De
317 2231 370 2279 P.
396 2229 636 2279 Africano
667 2230 920 2294 superiore
951 2237 1150 2295 sumpta
1183 2231 1428 2295 quaedam
1462 2246 1521 2279 ex
1552 2229 1816 2279 annalibus
1842 2236 2121 2280 memoratu

289 2313 597 2376 dignissima.

288 2446 491 2522 Scipio
560 2445 867 2504 Africanus
935 2446 1230 2521 antiquior
1298 2455 1518 2521 quanta
1583 2446 1863 2538 uirtutum
1931 2447 2116 2522 gloria

195 2544 569 2622 praestiterit
617 2554 678 2602 et
726 2562 905 2620 quam
935 2544 1126 2607 ‚suerit
1181 2544 1331 2602 altus
1386 2544 1566 2602 animi
1615 2555 1792 2620 atque
1854 2545 2115 2621 magnifi·
2160 2572 2217 2603 20

192 2660 314 2701 cus
375 2651 437 2701 et
487 2660 606 2717 qua
668 2642 757 2700 sui
820 2641 1185 2700 conscientia
1247 2641 1543 2713 subnixus,
1597 2643 1859 2717 plurimis
1921 2644 2114 2715 rebuS‚

2063 2760 2111 2767 *—

258 2827 308 2873 3.
338 2813 540 2858 Futte'les
563 2828 580 2857 :
685 2815 695 2834 ‘
719 2812 1110 2870 untrustworthy‚⁰
1276 2824 1342 2857 10.
1374 2812 1543 2855 Decem
1586 2812 1739 2869 pondo
1784 2813 1965 2856 libras:
2008 2816 2019 2834 ⁴
2034 2820 2113 2859 ten

190 2893 204 2913 ·
224 2888 513 2935 worthless!
1211 2885 1434 2943 pounds!

257 2964 309 3009 6.
346 2962 601 3020 Compilet:
635 2962 890 3019 ‘plunder,·
912 2961 1053 3007 ‘rob.'
1277 2974 1342 3006 10.
1375 2960 1579 3018 Argenti
1610 2961 1769 3020 sacti:
1822 2963 1832 2981 ⁸
1850 2962 2003 3019 plate,'
2045 2963 2114 3008 lit-

255 3051 309 3096 9.
337 3038 551 3083 Notum:
608 3036 688 3081 the
742 3049 936 3082 censors
989 3048 1113 3080 were
1213 3036 1371 3092 erally,
1395 3034 1638 3092 ‘wrought
1658 3035 1823 3082 silver:

184 3111 431 3171 required
468 3118 519 3157 to
554 3111 662 3169 give
697 3111 746 3155 in
774 3111 959 3168 writing
991 3110 1112 3154 their
1274 3123 1343 3166 17.
1419 3111 1473 3156 P.
1538 3111 1767 3169 Africano
1835 3112 2073 3169 superiore
2093 3126 2110 3160 :

183 3199 408 3236 reasons
448 3185 523 3231 for
561 3186 641 3230 the
689 3185 938 3243 expulsion
984 3184 1040 3230 of
1082 3198 1112 3229 a
1213 3184 1378 3241 Scipio
1414 3183 1666 3229 Africanus
1698 3185 1779 3229 the
1812 3186 1971 3240 Elder,
2002 3201 2114 3232 con·

184 3261 426 3310 member
476 3260 598 3306 from
641 3260 722 3304 the
761 3266 965 3305 senate:
1017 3259 1110 3303 this
1214 3272 1391 3316 queror
1411 3258 1467 3303 of
1491 3260 1753 3306 Hannibal.

182 3350 304 3386 was
361 3336 443 3381 the
502 3339 624 3388 nota,
686 3348 752 3379 on
812 3335 893 3380 the
952 3347 1111 3378 census
1274 3346 1342 3388 19.
1373 3334 1661 3390 Antiquior:
1691 3334 1795 3377 ‘the
1817 3333 1975 3379 elder.'

185 3416 294 3460 list.
1271 3421 1341 3452 20.
1373 3407 1511 3451 Altus
1527 3407 1677 3450 animi
1694 3406 1870 3463 :⁴high
1885 3408 2108 3464 spirited.'
