2475 3617
429 159 511 224 54
747 144 928 226 Fifty
980 144 1233 207 Stories
1258 144 1447 225 from
1493 142 1715 204 Aulus
1765 141 2019 205 Gellius

427 341 656 400 Eadem
708 341 916 400 mulier
955 341 1143 399 virum
1189 350 1263 421 et·
1291 340 1472 397 filium
1519 339 1734 398 eodem
1778 349 2049 414 tempore
2091 342 2340 399 venenis

429 440 582 497 clam
632 438 785 498 datis
826 439 947 497 vita
986 439 1360 496 interfecerat
1401 447 1578 512 atque
1622 436 1683 494 id
1728 436 1936 495 fecisse
1978 455 2044 495 se
2085 438 2339 496 confite-

427 537 598 597 batur
635 536 1009 611 dicebatque,
1045 536 1317 594 habuisse
1356 554 1418 593 se
1462 534 1717 593 faciendi
1756 552 2014 607 causam,
2054 536 2341 610 quoniam

426 635 588 694 idem
622 635 703 692 illi
738 635 978 693 maritus
1014 643 1074 692 et
1106 634 1257 691 filius
1292 633 1538 691 alterum
1577 633 1758 690 filium
1799 632 2072 703 mulieris,
2104 651 2178 690 ex
2211 634 2341 691 viro

328 760 349 807 5
422 734 615 808 priore
658 733 940 808 genitum,
985 732 1432 790 adulescentem
1476 730 1765 805 optimum
1818 739 1877 788 et
1921 729 2337 789 innocentissi-

429 850 609 903 mum,
670 839 985 905 exceptum
1051 829 1277 888 insidiis
1333 829 1707 887 occidissent.
1821 828 2013 905 quue
2069 830 2150 887 ita
2209 848 2341 890 esse

432 929 672 1000 factum,
728 928 1126 986 controversia
1188 945 1311 984 non
1375 937 1514 984 erat.
1628 927 1937 986 Dolabella
2002 927 2199 986 retulit
2262 927 2343 986 ad

428 1026 755 1083 consilium.
878 1026 1075 1083 Nemo
1143 1025 1456 1100 quisquam
1526 1043 1601 1082 ex
1668 1024 1913 1083 consilio
1982 1025 2343 1084 sententiam

428 1124 577 1181 ferre
613 1123 674 1180 in
715 1141 892 1180 causa
933 1132 1052 1181 tarn
1094 1123 1337 1197 ancipiti
1380 1121 1655 1194 audebat,
1690 1121 1855 1197 quod
1898 1132 1958 1181 et
1999 1122 2344 1181 confessum

330 1246 382 1277 ιο
421 1221 792 1292 veneficium,
836 1237 955 1294 quo
999 1221 1237 1278 maritus
1280 1230 1340 1277 et
1393 1219 1542 1276 filius
1583 1219 1779 1276 necati
1826 1219 2035 1290 forent,
2066 1238 2188 1277 non
2231 1219 2343 1277 ad-

427 1317 781 1375 mittendum
833 1317 1163 1392 inpunitum
1207 1316 1518 1376 videbatur
1566 1327 1627 1374 et
1668 1316 1849 1392 digna
1893 1326 2092 1375 tamen
2139 1334 2347 1391 poena

425 1416 484 1472 in
514 1415 782 1473 homines
815 1416 1129 1473 sceleratos
1159 1414 1523 1473 vindicatum
1555 1414 1770 1472 fuisset.
1860 1414 2172 1472 Dolabella
2202 1433 2345 1472 eam

426 1530 551 1570 rem
606 1512 870 1570 Athenas
926 1512 1004 1570 ad
1061 1513 1448 1588 AriopagitaS,
1507 1522 1571 1569 ut
1627 1512 1704 1570 ad
1760 1509 1986 1569 iudices
2040 1511 2347 1586 graviores

427 1610 998 1685 exercitatioresque,
1058 1611 1279 1668 reiecit.
1389 1609 1783 1684 Ariopagitae,
1840 1610 2077 1684 cognita
2138 1627 2346 1683 causa,

329 1734 376 1781 15
423 1717 826 1766 accusatorem
875 1708 1129 1766 mulieris
1181 1718 1241 1766 et
1290 1708 1499 1782 ipsam,
1544 1725 1697 1782 quae
1745 1707 2149 1780 accusabatur,
2193 1725 2343 1765 cen-

427 1806 638 1864 tesimo
693 1824 850 1864 anno
905 1805 1113 1864 adesse
1170 1806 1478 1863 iusserunt.
1589 1805 1683 1863 Sic
1744 1822 1937 1879 neque
1998 1804 2346 1864 absolutum

428 1903 685 1961 mulieris
711 1904 1063 1961 veneficium
1104 1912 1210 1974 est,
1242 1903 1405 1977 quod
1446 1920 1552 1977 per
1579 1902 1738 1977 leges
1772 1920 1894 1959 non
1927 1900 2109 1974 licuit,
2139 1919 2346 1977 neque

426 2019 649 2059 nocens
718 2001 998 2058 damnata
1067 2000 1447 2075 poenitaque,
1502 2017 1656 2075 quae
1725 1998 1905 2074 digna
1964 1998 2140 2056 venia
2210 1999 2345 2059 fuit.

418 2099 652 2174 Scripta
694 2099 841 2156 haec
884 2099 1177 2156 historiast
1220 2099 1281 2155 in
1323 2098 1472 2156 libro
1498 2096 1716 2154 Valerii
1756 2095 2003 2154 Maximi
2041 2096 2346 2156 factorum

325 2223 381 2255 20
425 2206 484 2254 et
526 2196 820 2254 dictorum
866 2196 1337 2254 memorabilium
1379 2213 1558 2252 nono,

1430 2365 1485 2411 of
1499 2366 1578 2410 the
1599 2365 1788 2410 ancient
1810 2366 1906 2410 and
1923 2366 2183 2410 venerable
2200 2374 2348 2413 court

1429 2440 1484 2485 of
1506 2441 1789 2498 Areopagus
1811 2447 1860 2484 at
1879 2440 2081 2485 Athens.

513 2382 552 2413 2.
599 2368 703 2412 Vita
730 2369 1060 2427 intersecet-at:
1094 2369 1104 2386 ‘
1119 2367 1216 2411 had
1249 2373 1328 2411 cut

427 2441 502 2487 off
526 2442 647 2486 from
670 2441 774 2488 life:

510 2531 554 2572 4.
585 2517 713 2561 Idem
729 2528 747 2563 .·
799 2516 966 2575 plural,
1007 2515 1230 2572 referring
1278 2521 1328 2561 to

425 2591 518 2637 illi.

509 2667 551 2712 6.
582 2666 845 2724 Exceptum
868 2665 1091 2710 insidiis:
1121 2665 1211 2722 ‘by
1227 2663 1326 2709 foul

423 2741 560 2799 play.'

512 2818 554 2862 8.
593 2815 881 2860 Consilium:
930 2814 1006 2859 his
1046 2813 1237 2861 council
1278 2814 1334 2859 of

425 2890 655 2936 advisers.

487 2978 552 3010 10.
598 2964 870 3022 Veneficium
893 2976 910 3010 .·

424 3038 710 3096 poisoning.'

487 3125 553 3172 13.
587 3112 892 3170 Ariopagitas
908 3123 926 3157 .·
968 3111 1049 3154 the
1085 3110 1326 3155 members

972 2966 982 2985 ⁴
1006 2964 1086 3008 the
1147 2968 1224 3007 act
1279 2962 1333 3007 of

1489 2517 1557 2561 16.
1588 2515 1760 2560 Adesse
1776 2528 1793 2561 .·
1816 2517 1826 2534 ⁴
1847 2522 1896 2558 to
1917 2526 2098 2572 appear
2113 2514 2189 2559 for
2206 2494 2344 2563 trial:

1489 2593 1556 2636 18.
1586 2591 1869 2647 Poem'taque
1884 2602 1900 2635 .·
1923 2609 1960 2626 =
1977 2589 2262 2648 partitaque.

1489 2678 1556 2722 19.
1601 2664 1782 2709 Valerii
1878 2664 2096 2708 Maximi
2114 2676 2134 2710 .·
2244 2665 2347 2711 this

1428 2741 1602 2785 author
1622 2739 1748 2783 lived
1771 2739 1818 2782 in
1840 2738 1920 2782 the
1940 2739 2075 2795 reign
2108 2738 2165 2783 of
2191 2740 2349 2784 'ribe-

1429 2814 1539 2868 rius,
1561 2814 1659 2858 and
1680 2818 1823 2858 wrote
1846 2813 1920 2857 De
1928 2813 2080 2872 fictis
2104 2814 2348 2873 de‘cte'sque

1428 2887 1803 2932 memorabilibus
1825 2888 1940 2932 libri
1960 2887 2048 2932 IX.

1488 2977 1556 3008 20.
1587 2964 1725 3007 Nono
1741 2975 1758 3008 .·
1792 2963 1870 3005 the
1891 2961 2087 3007 citation
2111 2962 2152 3009 is
2177 2963 2226 3009 in
2246 2963 2348 3009 fact

1428 3036 1549 3081 from
1574 3037 1651 3081 the
1674 3035 1832 3092 eighth
1856 3035 2003 3082 book.
