2475 3617
447 165 631 246 Fffly
679 164 929 227 Stories
954 166 1143 245 from
1189 164 1411 226 Aulus
1460 164 1717 227 Gellius
1953 180 2026 247 55

729 438 856 494 40.
909 441 1001 505 (Ν.
1039 442 1101 490 Α.
1137 441 1262 490 XII.
1296 441 1441 504 vm.)

272 604 568 655 Reditiones
591 604 645 652 in
667 603 877 667 gratiam
902 604 1145 653 nobilium
1168 603 1386 652 virorum
1409 612 1687 655 memoratu
1709 605 1904 669 dignae.

216 759 279 816 P.
330 757 638 814 Africanus
694 755 959 830 superior
1007 765 1068 813 et
1113 756 1387 814 Tiberius
1440 756 1763 829 Gracchus,
1811 758 2035 817 Tiberii

133 865 193 913 et
243 855 313 913 C.
358 854 761 913 Gracchorum
814 864 998 928 pater,
1043 871 1238 911 rerum
1285 863 1580 929 gestarum
1632 855 2034 929 magnitudine

133 962 194 1010 et
237 953 528 1009 honorum
570 961 747 1025 atque
790 951 943 1009 vitae
987 950 1275 1025 dignitate
1319 951 1588 1009 inlustres
1646 951 1768 1023 viri,
1814 951 2038 1010 dissen-
2112 978 2132 1025 5

133 1059 334 1107 serunt
370 1066 798 1123 saepenumero
827 1047 904 1106 de
935 1048 1239 1122 republica
1284 1058 1343 1106 et
1385 1066 1455 1105 ea
1497 1049 1616 1106 sive
1660 1067 1777 1124 qua
1817 1049 1929 1107 alia
1972 1069 2035 1108 re

132 1165 258 1205 non
312 1146 488 1203 amici
544 1146 792 1203 fuerunt.
905 1147 996 1203 Ea
1051 1145 1311 1203 simultas
1368 1164 1505 1204 cum
1567 1145 1668 1203 diu
1727 1148 2035 1206 mansisset

133 1255 192 1303 et
225 1243 496 1302 sollemni
526 1243 624 1301 die
656 1243 893 1318 epulum
926 1243 1052 1301 Iovi
1095 1243 1372 1301 libaretur
1412 1254 1591 1318 atque
1633 1244 1713 1302 ob
1756 1244 1818 1302 id
1861 1246 2033 1303 sacri-

131 1341 334 1399 ficium
374 1351 611 1399 senatus
652 1341 713 1397 in
755 1341 1050 1416 Capitolio
1093 1340 1443 1415 epularetur,
1475 1341 1593 1399 fors
1635 1342 1760 1413 fuit,
1790 1352 1854 1400 ut
1895 1353 2038 1418 aput

130 1439 390 1497 eandem
446 1456 712 1495 mensam
770 1438 892 1496 duo
947 1439 1029 1495 illi
1090 1439 1338 1495 iunctim
1407 1438 1756 1498 locarentur.
1865 1442 2040 1513 Tum,
2088 1469 2140 1499 ιο

130 1536 302 1613 quasi
332 1535 446 1594 diis
475 1536 902 1594 immortalibus
931 1535 1162 1593 arbitris
1204 1536 1264 1592 in
1314 1536 1586 1594 convivio
1631 1537 1788 1595 Iovis
1828 1539 2040 1613 optimi

131 1633 378 1691 maximi
421 1632 693 1691 dexteras
737 1651 938 1691 eorum
984 1633 1475 1705 conducentibuS,
1520 1644 1765 1709 repente
1807 1636 2037 1694 amicis-

128 1723 453 1790 simisacti.
540 1731 753 1805 Neque
796 1731 984 1789 solum
1029 1731 1288 1787 amicitia
1329 1732 1585 1806 incepta,
1617 1731 1724 1789 sed
1766 1732 2038 1792 adfinitas

128 1829 307 1888 simul
349 1829 652 1901 instituta;
709 1847 846 1886 nam
892 1830 954 1886 P.
1000 1829 1198 1903 Scipio
1251 1829 1430 1886 filiam
1472 1830 1756 1904 virginem
1813 1830 2038 1889 habens

128 1928 253 1984 iam
301 1926 426 1984 viro
477 1936 784 1997 maturam,
831 1926 913 1984 ibi
967 1936 1108 1983 tunc
1158 1926 1377 1984 eodem
1425 1926 1486 1984 in
1536 1926 1671 1985 loco
1722 1926 2043 2003 despondit
2087 1954 2135 2001 15

129 2043 269 2082 eam
297 2023 539 2082 Tiberio
583 2023 875 2095 Graccho,
904 2042 1086 2099 quem
1130 2024 1479 2098 probaverat
1522 2024 1895 2100 elegeratque
1939 2045 2035 2083 ex-

129 2121 531 2197 ploratissimo
560 2120 762 2178 iudicii
793 2131 1081 2196 tempore,
1114 2121 1258 2179 dum
1286 2121 1555 2179 inimicus
1586 2132 1758 2180 esset.

212 2219 498 2277 Aemilius
553 2236 790 2293 quoque
848 2218 1109 2294 Lepidus
1152 2229 1211 2276 et
1256 2219 1491 2277 Fulvius
1549 2220 1811 2293 FlaccuS,
1855 2220 2037 2280 nobili

128 2335 350 2393 genere
421 2316 912 2390 amplissimisque
985 2316 1307 2374 honoribus
1364 2336 1434 2374 ac
1491 2336 1722 2375 summo
1784 2317 1920 2376 loco
1977 2319 2037 2375 in

131 2415 369 2472 civitate
406 2413 680 2488 praediti,
712 2414 855 2472 odio
898 2414 1051 2471 inter
1093 2431 1221 2472 sese
1265 2414 1424 2489 gravi
1469 2425 1528 2472 et
1572 2415 1867 2473 simultate
1912 2414 2040 2472 diu·
2082 2443 2139 2475 20

133 2512 255 2570 tina
283 2512 608 2570 conflictati
639 2522 788 2569 sunt.
877 2513 1089 2569 Postea
1133 2513 1385 2586 populus
1416 2530 1519 2569 eos
1550 2513 1719 2569 simul
1763 2531 2036 2571 censores

135 2609 290 2667 facit.
393 2611 588 2683 Atque
634 2609 733 2680 illi,
785 2608 885 2666 ubi
939 2626 1087 2666 voce
1146 2610 1454 2683 praeconis
1513 2609 1826 2668 renuntiati
1883 2621 2033 2683 sunt,

220 2795 261 2828 2.
290 2782 564 2826 Reditiones
577 2782 626 2825 in
637 2781 853 2838 gratiam
870 2796 888 2825 .·
907 2783 917 2802 ⁴
932 2794 1032 2826 rec·
1194 2795 1262 2827 11.
1292 2783 1504 2826 Arbitris
1520 2794 1538 2828 .·
1570 2785 1580 2803 ⁴
1597 2781 1871 2829 witnesseS.'

136 2855 462 2901 onciliations!
1193 2869 1261 2913 13.
1292 2857 1563 2913 Affinitas:
1597 2860 1653 2901 ‘a
1674 2859 1906 2915 marriage
1936 2857 2037 2902 alli-

218 2943 262 2988 3.
290 2931 520 2988 Superior
538 2945 556 2974 .·
585 2929 691 2973 ‘the
713 2929 885 2976 Elder.'
1132 2931 1282 2976 ance.'

218 3005 260 3050 6.
290 3005 403 3051 Ea:
436 3018 503 3050 sc.
519 3017 603 3060 re,·
628 3005 789 3049 causal
812 3004 1031 3051 ablative.
1194 3007 1261 3051 16.
1292 3006 1688 3063 Exploratissimo
1713 3022 1731 3050 .·
1819 3008 1829 3026 ⁴
1852 3007 2032 3061 surest,’

217 3093 261 3135 7.
292 3080 520 3125 Simultas
537 3091 555 3125 :
617 3080 626 3099 ⁴
645 3078 841 3136 rivalry,’
893 3081 903 3100 ⁴
922 3080 1030 3124 hos·
1133 3082 1143 3101 ⁴
1158 3080 1398 3137 affording
1416 3087 1622 3137 greatest
1644 3080 1903 3137 certainty.'

136 3151 273 3211 tility:
1194 3157 1261 3200 18.
1294 3156 1528 3199 Aemilius
1566 3155 1805 3212 Lepidus:
1862 3167 2033 3199 censor

218 3231 259 3274 8.
290 3229 573 3275 Libaretur:
620 3230 631 3249 ⁴
647 3228 869 3273 libations
908 3242 1031 3274 were
1133 3230 1182 3274 in
1207 3242 1290 3286 179
1312 3238 1422 3283 B.C.‚
1443 3230 1552 3273 with
1577 3229 1769 3274 Fulvius
1794 3228 2030 3275 Nobilior.

135 3302 276 3360 being
305 3304 521 3349 offered.’
1193 3307 1261 3349 18.
1292 3303 1492 3347 Fulvius
1504 3303 1731 3347 Flaccus:
1750 3314 1847 3347 was
1861 3314 2031 3346 censor

193 3391 259 3425 10.
290 3378 491 3423 lunctim
504 3390 523 3425 .·
556 3379 566 3398 ⁴
583 3378 711 3423 close
732 3376 973 3434 together:
1133 3376 1222 3422 five
1242 3389 1378 3434 years
1400 3377 1528 3424 later.
