2475 3617
253 1314 305 1344 10

250 1800 298 1847 Ῐ5

246 2287 302 2318 20

361 228 434 276 12
670 207 854 293 szty
905 209 1153 275 Ston'es
1178 210 1365 293 from
1414 207 1634 275 Aulus
1685 209 1937 275 Gellius

351 419 738 480 commentus,
770 428 861 466 res
904 409 1207 467 salubriter
1250 428 1318 467 ac
1362 409 1787 485 prospicienter
1825 409 2265 468 animadversas

350 507 411 565 in
461 516 688 564 mentes
738 507 1084 582 animosque
1132 508 1440 564 hominum
1490 526 1624 564 cum
1676 507 1957 565 audiendi
1999 507 2263 582 quadam

351 605 647 663 inlecebra
701 604 909 663 induit.
1008 605 1184 663 Velut
1243 606 1390 663 haec
1447 606 1569 663 eius
1627 606 1822 663 fabula
1873 606 1950 663 de
1996 605 2284 678 aviculae,

351 701 553 759 nidulo
583 701 780 776 lepide
811 713 986 777 atque
1019 702 1275 760 iucunde
1305 713 1634 778 promonet,
1661 721 1830 778 spem
1860 703 2262 778 fiduciamque

346 818 557 870 rerum,
600 817 744 873 quas
789 800 1022 857 efficere
1066 802 1196 875 quis
1239 802 1442 875 possit,
1488 801 1627 858 haut
1676 819 1959 875 umquam
2008 802 2067 859 in
2120 802 2261 875 ali0,

351 897 458 954 sed
488 897 547 953 in
577 897 896 971 semetipso
926 897 1279 956 habendam.
1347 902 1361 929 ‘
1381 899 1624 956 Avicula
1644 900 1656 924 ’
1688 899 1876 973 inquit
1906 904 1921 930 ‘
1943 908 2032 956 est
2061 916 2261 973 parva,

350 1013 570 1052 nomen
620 1004 709 1052 est
759 995 986 1052 cassita.
1073 995 1321 1054 Habitat
1373 994 1782 1070 nidulaturque
1833 996 1895 1053 in
1943 996 2261 1071 segetibuS,
2283 976 2297 986 ’

351 1091 413 1148 id
471 1092 652 1149 ferme
710 1092 1010 1167 temporiS,
1060 1103 1125 1150 ut
1179 1103 1421 1168 appetat
1479 1094 1682 1151 messis
1738 1093 1909 1168 pullis
1966 1093 2083 1151 iam
2139 1094 2261 1151 iarn

351 1189 764 1264 plumantibus.
851 1190 940 1247 Ea
988 1191 1199 1248 cassita
1249 1191 1308 1247 in
1352 1201 1647 1249 sementes
1692 1191 1839 1249 sorte
1883 1201 2263 1266 congesserat

347 1286 856 1361 tempestiviores3
916 1299 1231 1362 propterea
1274 1288 1577 1346 frumentis
1622 1288 2073 1347 flavescentibus
2114 1290 2261 1363 pulli

351 1385 528 1441 etiam
564 1394 703 1442 tunc
740 1385 1064 1443 involucres
1101 1395 1284 1443 erant.
1371 1388 1529 1443 Dum
1561 1387 1733 1461 igitur
1761 1387 1889 1461 ipsa
1917 1387 2027 1444 iret
2056 1386 2262 1445 cibum

350 1481 520 1556 pullis
570 1483 918 1556 quaesitum,
965 1494 1167 1541 monet
1219 1502 1340 1554 εοε,
1385 1495 1467 1555 ut,
1512 1484 1558 1542 si
1609 1483 1751 1558 quid
1803 1485 1884 1542 ibi
1935 1485 2019 1542 rei
2068 1502 2263 1543 novae

347 1580 516 1636 fieret
574 1579 957 1651 dicereturve,
1003 1581 1538 1639 animadverterent
1595 1581 1776 1656 idque
1834 1582 1918 1639 uti
1976 1582 2103 1652 sibi,
2153 1582 2262 1640 ubi

347 1676 611 1747 redisset,
656 1678 1007 1735 nuntiarent.
1113 1679 1404 1736 Dominus
1453 1689 1662 1752 postea
1710 1690 1988 1754 segetum.
2027 1662 2262 1737 illarum

345 1774 528 1830 filium
573 1773 1014 1832 adulescentem
1071 1786 1244 1832 vocat
1305 1786 1364 1833 et
1428 1776 1722 1834 ‘Videsne
1745 1779 1757 1803 ’
1821 1777 2010 1851 inquit
2071 1777 2261 1834 ‘haec

348 1872 729 1929 ematuruisse
783 1882 843 1929 et
892 1890 1097 1930 manus
1139 1872 1257 1929 iam
1303 1873 1597 1947 postulare
1624 1876 1651 1931 ?
1704 1874 1929 1932 idcirco
1968 1874 2065 1932 die
2100 1892 2259 1932 cras-

348 1969 493 2041 tin0,
537 1970 635 2028 ubi
688 1970 942 2044 primum
986 1970 1346 2042 diluculabit,
1395 1971 1486 2027 fac
1535 1971 1760 2029 amicos
1805 1990 1904 2029 eas
1955 1981 2014 2029 et
2063 1989 2259 2046 roges,

347 2067 586 2124 veniant
624 2085 986 2142 operamque
1028 2078 1290 2148 mutuam
1330 2068 1475 2125 dent
1513 2078 1574 2126 et
1613 2068 1849 2126 messim
1889 2068 2043 2126 hane
2083 2069 2261 2128 nobis

346 2164 661 2222 adiuvent!
749 2166 921 2223 Haec
959 2166 1062 2223 ubi
1103 2166 1199 2223 ille
1244 2165 1410 2236 dixit,
1444 2175 1502 2223 et
1544 2165 1827 2224 discessit.
1915 2168 2108 2240 Atque
2154 2167 2262 2225 ubi

344 2262 499 2320 redit
547 2263 777 2333 cassita,
822 2264 964 2337 pulli
1015 2263 1394 2335 tremibundi,
1441 2263 1718 2339 trepiduli
1768 2264 2262 2338 circumstrepere

278 2412 285 2419 .
347 2378 632 2434 orareque
684 2369 948 2431 matrem,
996 2370 1059 2417 ut
1109 2361 1225 2417 iam
1278 2360 1473 2419 statim
1527 2370 1804 2435 properet
1848 2361 2026 2435 inque
2076 2361 2260 2419 alium

348 2456 545 2514 locum
575 2476 702 2515 sese
726 2467 988 2532 asportet
1012 2479 1024 2515 z
1067 2461 1082 2488 ‘
1104 2459 1259 2515 Nam
1291 2457 1564 2516 dominus
1585 2460 1597 2484 ’
1623 2458 1892 2533 inquiunt
1921 2462 1937 2488 ‘
1958 2458 2133 2530 misit,
2154 2460 2261 2533 qui

403 2642 445 2685 3.
477 2629 669 2675 Induit:
704 2629 966 2675 'instilled.⁸
1437 2644 1479 2687 9.
1511 2632 1741 2675 Sementes
1762 2664 1772 2675 .
1795 2663 1807 2675 .
1830 2663 1842 2675 .
1858 2630 2223 2686 tempestiviores
2242 2647 2261 2676 .·

405 2716 446 2760 3.
472 2703 729 2747 Aviculae:
759 2703 1039 2748 diminutive
1062 2702 1117 2749 of
1131 2704 1247 2749 avis.
1350 2706 1360 2725 ⁶
1377 2718 1407 2748 a
1438 2718 1553 2762 crop
1584 2705 1684 2748 that
1715 2705 1914 2761 ripened
1943 2704 2112 2748 earlier
2137 2705 2257 2749 than

402 2792 446 2833 7.
486 2779 698 2822 Cas-sita.-
747 2778 923 2823 ‘tufted
966 2792 1022 2823 or
1063 2779 1248 2823 crested
1351 2779 1517 2824 usual.’

346 2852 476 2898 lark.'
1435 2867 1477 2910 9.
1516 2854 1813 2911 Congesseral
1832 2869 1849 2896 .·
1879 2855 1890 2873 ‘
1906 2852 2004 2897 had
2026 2852 2179 2899 built:

401 2941 444 2984 7.
476 2928 713 2984 Segetlbus
730 2943 747 2971 .·
775 2930 785 2947 ¹
802 2927 1027 2984 standing
1051 2927 1216 2984 grain!
1409 2929 1475 2972 16.
1505 2928 1601 2971 Die
1623 2929 1862 2971 crastino:
1892 2929 1902 2948 ⁴
1918 2929 2225 2974 to-morrow.⁸

404 3004 445 3047 8.
476 3001 537 3046 Id
550 3003 708 3059 ferme
738 3003 991 3060 temporis:
1020 3004 1095 3046 ‘at
1125 3001 1245 3046 such
1408 3015 1474 3058 17.
1506 3001 1834 3048 Diluculabit:
1868 3005 1876 3022 ⁸
1898 3001 1931 3045 it
1953 3002 2145 3048 dawns.'

346 3089 377 3120 a
396 3076 522 3129 time,
544 3089 597 3119 as
620 3089 649 3119 a
670 3077 796 3121 rule.'
1408 3090 1473 3133 17.
1505 3078 1601 3121 Fac
1632 3111 1642 3122 .
1675 3110 1686 3122 .
1719 3111 1729 3121 .
1761 3091 1872 3121 eas:
1903 3078 2019 3134 ‘go.’

404 3152 446 3195 8.
474 3151 676 3207 Appetat
693 3166 710 3194 :
741 3150 1097 3208 'approacheS.'
1408 3153 1474 3196 18.
1505 3153 1726 3195 Mutuum
1748 3152 1886 3197 dent:
1919 3154 1929 3172 ⁸
1947 3152 2086 3198 lend.'

405 3226 447 3270 8.
477 3226 649 3269 Messis
668 3240 685 3268 :
715 3224 819 3268 ‘the
842 3225 1059 3271 harvest.'
1405 3239 1473 3271 20.
1516 3226 1790 3283 Trepiduli:
1834 3226 1907 3271 ‘in
1947 3239 1978 3270 a
2012 3226 2173 3272 flutter
2208 3227 2263 3273 of

407 3302 447 3344 8.
478 3299 667 3343 Pullis:
697 3301 707 3319 ⁴
724 3299 801 3343 the
822 3312 983 3356 young
1004 3299 1164 3343 birds!
1351 3301 1663 3346 excitement.’

406 3377 446 3419 8.
479 3374 594 3427 lam,
614 3373 710 3417 iam
728 3388 746 3417 .·
772 3373 1110 3430 strengthened
1126 3371 1248 3416 form

348 3447 402 3492 of
426 3448 537 3493 iam.
