2475 3617
358 168 542 251 Fzfly
591 168 840 232 Stories
863 169 1051 250 from
1099 167 1321 230 Aulus
1372 166 1626 230 Gellius
1860 181 1947 245 49

697 475 822 531 34.
876 477 968 541 (N.
1004 478 1064 527 A.
1100 477 1164 526 x.
1201 475 1300 541 v1.)

62 660 262 710 Multam
287 660 474 709 dictam
498 674 606 707 esse
640 659 705 707 ab
739 658 986 707 aedilibus
1019 657 1187 722 plebei
1222 657 1357 721 Appi
1390 656 1543 706 Caeci
1576 656 1723 716 filiae,
1757 656 1952 707 mulieri

133 742 305 801 nobili,
330 742 467 806 quod
490 742 659 790 locuta
682 748 813 789 esset
836 740 1156 805 petulantius.

131 907 272 965 Non
311 906 374 963 in
415 905 572 963 facta
600 902 940 977 mod0,¹sed
984 904 1044 962 in
1084 922 1263 963 voces
1306 902 1485 962 etiam
1526 903 1950 979 petulantiores

62 1003 287 1079 publice
332 1001 697 1061 vindicatum
743 1012 870 1075 est3
922 1002 1004 1059 ita
1048 1002 1207 1059 enim
1255 1000 1476 1059 debere
1524 1018 1653 1059 esse
1699 1001 1824 1059 visa
1868 1011 1957 1059 est

63 1102 359 1160 Romanae
415 1100 761 1175 disciplinae
820 1099 1073 1174 dignitas
1115 1098 1479 1158 inviolabilis.
1581 1099 1738 1174 Appi
1786 1117 1951 1156 nam-

62 1217 167 1273 que
216 1198 365 1256 illius
415 1198 598 1257 Caeci
648 1197 784 1269 filia,
835 1214 870 1253 a
917 1196 1069 1255 ludis
1114 1214 1265 1271 quos
1315 1205 1684 1271 spectaverat
1733 1196 1951 1269 eidem,

63 1296 222 1356 turba
274 1295 539 1371 undique
594 1295 946 1353 confluentis
989 1294 1443 1370 fluctuantisque
1485 1293 1691 1368 populi
1739 1294 1955 1353 iactata

65 1403 159 1453 est.
240 1395 436 1468 Atque
464 1391 605 1451 inde
648 1411 897 1468 egressa,
928 1410 1065 1449 cum
1093 1410 1155 1450 se
1186 1392 1339 1450 male
1382 1391 1643 1450 habitam
1687 1392 1950 1450 diceret:

67 1489 251 1566 ‘Quid
287 1509 383 1549 me
425 1509 582 1548 nunc
626 1491 846 1547 factum
889 1491 1081 1561 esset‚'
1117 1490 1325 1564 inquit,
1366 1493 1741 1565 ‘quantoque
1779 1490 1957 1548 artius

67 1589 424 1663 pressiusque
493 1588 832 1646 conflictata
900 1605 1110 1660 essem,
1167 1588 1215 1645 si
1264 1590 1351 1666 ‚P.
1408 1586 1710 1658 Claudius,
1781 1588 1958 1646 frater

69 1703 237 1758 meus,
267 1685 456 1743 navali
487 1684 714 1760 proelio
744 1685 993 1743 classem
1020 1684 1258 1741 navium
1297 1703 1431 1741 cum
1477 1684 1699 1759 ingenti
1741 1684 1956 1753 civium

70 1800 302 1842 numero
358 1801 479 1842 non
536 1781 933 1858 perdidisset?
988 1791 1147 1840 certe
1203 1781 1448 1856 quidem
1505 1781 1727 1840 maiore
1796 1800 1953 1839 nunc

72 1881 228 1955 copia
273 1880 482 1956 populi
531 1898 813 1955 oppressa
868 1878 1321 1938 intercidissem.
1405 1878 1523 1938 Sed
1565 1879 1789 1936 utinam
1811 1881 1824 1906 '
1869 1880 1954 1937 in-

72 1978 183 2051 quit
243 1982 258 2009 ‘
277 1978 584 2037 reviviscat
655 1978 833 2035 frater
893 1977 1189 2052 aliamque
1256 1977 1504 2035 classem
1572 1977 1634 2034 in
1702 1977 1960 2035 Siciliam

74 2073 233 2132 ducat
275 2086 453 2150 atque
489 2075 660 2132 istam
705 2074 1139 2132 multitudinem
1184 2074 1482 2149 perditum
1522 2083 1635 2147 eat,
1663 2092 1816 2149 quae
1862 2093 1955 2133 me

72 2188 211 2230 nunc
269 2173 421 2231 male
479 2173 752 2230 miseram
807 2171 1153 2229 convexavit
1181 2175 1191 2229 ἒ
1215 2174 1227 2198 ’
1322 2172 1420 2231 Ob
1484 2172 1633 2229 haec
1702 2173 1958 2231 mulieris

73 2270 235 2328 verba
291 2280 413 2329 tam
471 2270 722 2345 inproba
775 2288 845 2327 ac
907 2279 1027 2328 tam
1083 2269 1340 2327 incivilia
1393 2270 1462 2328 C.
1509 2268 1848 2328 Fundanius
1898 2280 1958 2329 et

73 2364 324 2426 Tiberius
382 2368 780 2442 Sempronius,
833 2368 1054 2426 aediles
1109 2367 1327 2441 plebei,
1386 2367 1628 2424 multam
1685 2366 1958 2426 dixerunt

117 2550 154 2582 2.
184 2537 372 2597 Mul(c)
381 2543 477 2583 tam
494 2551 512 2585 .·
545 2541 598 2582 ‘a
618 2537 744 2583 fine.’
1120 2550 1186 2583 1o.
1224 2538 1381 2595 Quid.
1400 2572 1410 2583 .
1425 2539 1628 2597 ‚finctum
1645 2543 1787 2584 esset:
1810 2541 1820 2558 ⁸
1835 2539 1961 2583 what

117 2624 154 2657 2.
183 2614 310 2671 Appi
357 2613 529 2659 Caeci:
579 2612 769 2670 Appius
816 2612 959 2658 Clau·
1057 2613 1219 2657 would
1241 2612 1363 2657 have
1383 2613 1590 2656 become
1612 2612 1665 2656 of
1691 2612 1824 2657 me?’

74 2683 164 2730 dius
200 2687 404 2742 CaecuS,
438 2700 609 2732 censor
642 2687 691 2732 in
726 2698 813 2744 312
849 2695 955 2741 B.c.,
1120 2699 1187 2731 11.
1226 2688 1268 2732 C
1274 2687 1388 2746 onst
1401 2688 1420 2731 i
1432 2691 1604 2731 ctata
1627 2700 1643 2733 .·
1700 2687 1960 2732 ‘knocked

42 2775 43 2778 ¹
74 2756 136 2802 the
156 2760 343 2807 builder
363 2761 419 2806 of
443 2762 523 2805 the
543 2761 735 2822 Appian
758 2762 898 2819 Way.
1058 2761 1234 2807 about.’

117 2848 155 2889 4.
186 2836 298 2880 Non
343 2870 355 2882 .
396 2870 410 2883 .
453 2869 465 2881 .
505 2836 799 2882 vindIcatum
858 2840 954 2881 est:
1120 2849 1186 2881 11.
1220 2837 1276 2881 P.
1325 2836 1581 2883 Claudius:
1637 2850 1697 2882 sc.
1745 2837 1959 2891 Pulcher,

76 2907 165 2951 'not
214 2917 314 2957 acts
365 2911 477 2974 only
514 2944 525 2956 .
566 2944 578 2958 .
619 2943 631 2956 .
666 2923 789 2956 were
840 2924 960 2968 pun·
1059 2909 1258 2966 signally
1292 2909 1512 2954 defeated
1543 2911 1607 2967 by
1641 2911 1721 2954 the
1762 2911 1962 2956 Cartha·

77 2977 227 3030 ished:
1057 2983 1247 3041 ginians
1313 2984 1387 3029 off
1455 2985 1752 3041 Drepanum,
1803 2985 1959 3043 Sicily,

119 3057 157 3103 6.
188 3059 520 3117 Disciplinae:
564 3061 728 3106 'sense
763 3059 818 3104 of
850 3072 958 3117 pro-
1060 3072 1145 3115 249
1176 3067 1282 3112 B.C.‚
1312 3058 1424 3103 with
1459 3060 1540 3103 the
1574 3061 1671 3104 loss
1711 3059 1766 3104 of
1800 3061 1961 3117 nearly

76 3130 232 3189 priety:
1058 3133 1119 3176 all
1140 3133 1214 3177 his
1235 3133 1405 3178 forces.

121 3207 158 3252 8.
188 3209 404 3254 lactata:
432 3208 680 3254 ‘hustled.’
1121 3219 1187 3263 14.
1220 3208 1559 3252 Intercidc'ssem
1582 3221 1599 3255 .·
1666 3210 1676 3229 ⁴
1701 3208 1722 3252 1
1784 3207 1960 3252 should

119 3293 157 3336 9.
185 3284 322 3328 Male
415 3282 623 3332 habitam
646 3295 664 3328 .·
759 3284 769 3302 ⁸
791 3281 958 3327 incon·
1057 3281 1181 3325 have
1211 3281 1470 3338 perished.⁰

77 3355 346 3406 venienced:

2003 1516 2055 1547 10

2006 2004 2053 2052 ι5
