2475 3617
433 217 510 279 14
739 199 925 280 Fifzjy
975 196 1224 262 Stories
1249 196 1438 280 from
1487 196 1707 260 Aulus
1760 193 2014 260 Gellius

505 395 678 451 Haec
709 393 952 468 quidem
995 403 1082 451 est
1117 392 1338 467 Aesopi
1372 392 1567 450 sabula
1605 393 1681 450 de
1722 392 2047 450 amicorum
2093 402 2154 449 et
2196 411 2333 468 pro·

422 492 777 567 pinquorum
826 490 938 548 levi
988 490 1334 565 plerumque
1385 500 1445 547 et
1494 489 1652 546 inani
1701 489 1935 547 fiducia.
2021 489 2138 547 Sed
2188 490 2335 564 quid

423 589 580 647 aliud
617 589 936 647 sanctiores
976 588 1105 646 libri
1145 587 1632 662 philosophorum
1674 597 1919 645 monent
1952 605 2131 662 quam
2168 597 2234 644 ut
2273 588 2335 645 in

422 687 593 746 nobis
629 696 853 744 tantum
891 686 1030 760 ipsis
1066 686 1336 756 nitamur,
1369 686 1481 742 alia
1510 694 1707 742 autem
1738 684 1954 756 omnia,
1985 702 2138 758 quae
2169 694 2336 741 extra

418 803 526 843 nos
569 794 847 859 extraque
894 794 1156 841 nostrum
1203 783 1466 840 animum
1518 792 1670 854 sunt,
1715 799 1909 857 neque
1959 799 2068 856 pro
2120 783 2334 842 nostris

422 900 616 957 neque
653 900 761 957 pro
794 881 964 940 nobis
999 880 1325 938 ducamus?
1409 882 1591 937 Hunc
1631 879 1853 955 Aesopi
1893 878 2215 954 apologum
2256 880 2332 953 Q.

378 1017 381 1018 ν
424 980 648 1038 Ennius
709 980 770 1036 in
824 978 1012 1037 satiris
1069 979 1213 1036 scite
1272 976 1597 1036 admodum
1655 988 1715 1035 et
1769 986 2012 1045 venuste
2068 977 2335 1036 versibus

326 1300 379 1332 10

327 2086 374 2132 ι5

421 1077 720 1153 quadratis
769 1076 1120 1151 composuit.
1206 1076 1476 1149 Quorum
1526 1074 1646 1132 duo
1696 1074 1976 1149 postremi
2028 1074 2122 1132 isti
2179 1086 2334 1148 sunt,

422 1194 570 1250 quos
626 1175 844 1234 habere
901 1173 1067 1232 cordi
1124 1183 1183 1231 et
1241 1173 1561 1231 memoriae
1621 1190 1840 1247 operae
1897 1172 2152 1246 pretium
2204 1191 2335 1232 esse

420 1273 616 1331 hercle
659 1283 840 1348 puto:

506 1422 646 1479 Hoc
675 1420 784 1479 erit
814 1419 919 1478 tibi
949 1422 1360 1495 argumentum
1390 1420 1625 1492 semper
1654 1417 1713 1475 in
1742 1420 2021 1493 promptu
2051 1417 2229 1476 situm
2256 1440 2269 1477 t

505 1520 597 1575 Ne
628 1518 771 1593 quid
802 1519 1082 1592 expectes
1110 1516 1351 1587 amicos
1381 1514 1544 1590 quod
1575 1524 1698 1573 tute
1728 1533 1903 1591 agere
1934 1515 2180 1590 possies.

1049 1823 1170 1878 11.
1223 1824 1317 1888 (N.
1353 1826 1416 1873 A.
1452 1824 1552 1872 III.
1589 1822 1688 1888 1v.)

421 1990 572 2054 Quod
597 1991 649 2040 P.
675 1989 910 2038 Africano
943 1996 992 2037 et
1028 1988 1135 2037 aliis
1170 1994 1288 2035 tunc
1323 1987 1437 2035 viris
1472 1985 1721 2034 nobilibus
1756 1993 1872 2034 ante
1907 1992 2125 2035 aetatem
2159 2003 2338 2037 senec·

500 2081 603 2122 tam
637 2073 844 2122 barbam
880 2079 930 2121 et
963 2086 1118 2134 genas
1154 2071 1328 2118 radere
1362 2084 1471 2117 mos
1505 2069 1692 2133 patrius
1727 2068 1833 2117 fuit.

506 2223 578 2279 In
618 2221 796 2293 libris,
825 2238 973 2295 quos
1016 2219 1094 2276 de
1135 2218 1255 2275 vita
1299 2219 1360 2274 P.
1399 2216 1687 2291 Scipionis
1730 2217 1991 2274 Africani
2033 2219 2335 2293 composi-

424 2329 516 2377 tos
558 2319 823 2394 legimus,
854 2318 1135 2392 scriptum
1180 2333 1310 2373 esse
1354 2312 1893 2387 animadvertimus,
1941 2316 2003 2372 P.
2048 2315 2336 2390 Scipioni,

425 2416 587 2480 Pauli
628 2417 767 2487 filio,
797 2426 1111 2491 postquam
1145 2412 1220 2471 de
1259 2412 1471 2470 Poenis
1511 2411 1973 2486 triumphaverat
1999 2430 2338 2489 censorque

428 2533 529 2540 ——-

509 2602 553 2646 3.
586 2589 877 2635 Sanctiores:
910 2588 1133 2645 ‘graver.'
1425 2583 2015 2640 nibal‚whoinaugurated
2028 2583 2108 2628 the
2122 2586 2340 2642 practice

510 2664 551 2709 6.
590 2664 645 2721 Q.
689 2664 916 2709 Enne'us:
970 2663 1170 2720 239—169
1211 2669 1323 2706 B.C.·
1427 2657 1481 2702 of
1510 2658 1710 2714 shaving
1747 2658 1888 2714 daily.
1964 2658 2070 2703 The
2108 2672 2341 2717 emperor

426 2739 580 2783 called
643 2737 724 2781 the
791 2736 980 2781 “father
1035 2736 1090 2782 of
1134 2737 1323 2781 Roman
1430 2732 1648 2777 Hadrian
1685 2733 1900 2777 restored
1935 2733 2015 2777 the
2051 2733 2244 2779 fashion
2288 2735 2345 2780 of

424 2813 637 2871 poetry.⁸'
1427 2807 1635 2864 wearing
1665 2807 1743 2851 the
1774 2808 1941 2854 heard.

512 2897 554 2939 7.
587 2883 742 2927 Scite:
776 2880 970 2937 ‘finely.'
1489 2893 1556 2938 15.
1593 2882 1814 2929 Radere:
1846 2885 1920 2927 ‘to
1942 2882 2118 2928 shave.'

513 2972 555 3014 7.
600 2956 814 3001 Versibus
842 2954 1118 3012 quadratis:
1163 2967 1323 2998 verses
1488 2958 1554 3002 18.
1587 2957 1730 3001 Pauli
1730 2956 1845 3013 filio
1863 2972 1882 3001 .·
1910 2957 2074 3014 Scipio
2105 2959 2343 3003 Aemilia-

427 3032 483 3078 of
495 3033 624 3090 eight
644 3031 750 3086 feet,
766 3030 874 3075 four
896 3028 1107 3074 trochaic
1129 3030 1320 3086 dipods.
1427 3044 1532 3085 nus,
1583 3031 1661 3075 the
1712 3031 1938 3087 adoptive
1987 3033 2236 3088 grandson
2288 3033 2347 3079 of

513 3122 555 3164 9.
593 3107 772 3164 Operae
833 3104 1042 3163 pretium
1067 3118 1085 3146 .·
1143 3106 1152 3123 ‘
1174 3103 1324 3148 worth
1427 3104 1682 3149 Africanus
1704 3105 1783 3149 the
1807 3106 1965 3151 Elder.

427 3182 594 3227 while!
1490 3181 1556 3225 18.
1590 3181 1664 3223 De
1705 3181 1872 3223 Poem's
1912 3181 2300 3239 triumphaverat
2321 3200 2340 3227 .-

492 3270 558 3302 12.
589 3256 767 3300 Possies
785 3269 803 3298 .·
830 3252 1023 3298 archaic
1043 3251 1116 3295 for
1126 3253 1291 3309 possis.
1429 3253 1477 3297 in
1496 3262 1587 3298 B.C.
1617 3254 1710 3310 146,
1728 3253 1844 3297 after
1865 3255 1944 3298 the
1968 3256 2266 3302 destruction
2289 3257 2347 3303 of

491 3343 557 3386 14.
590 3331 641 3374 P.
666 3328 894 3386 Africano
913 3340 929 3371 .·
963 3324 1125 3382 Scipio
1147 3324 1327 3368 Africa·
1430 3326 1685 3383 Carthage.

431 3417 522 3448 nus
542 3404 621 3447 the
644 3402 802 3454 Elder,
826 3412 1098 3456 conqueror
1118 3398 1171 3442 os
1194 3399 1329 3443 Han·-
1492 3403 1558 3446 18.
1597 3402 2056 3462 Censorquefuerat:
2076 3404 2123 3448 in
2143 3418 2227 3462 142
2241 3415 2339 3454 B.C.
