2475 3617
451 175 529 255 58
766 171 949 254 Hfty
998 171 1248 236 Storics
1272 173 1459 254 from
1506 172 1726 234 Aulus
1777 171 2034 235 Gellius

446 369 628 426 multa
674 386 822 443 egeo
843 388 861 441 3
918 377 979 425 at
1020 386 1130 443 ego
1177 368 1304 439 illis,
1350 368 1488 442 quia
1529 377 1832 442 nequeunt
1877 384 2071 442 egere.
2174 369 2366 427 Haec

445 485 608 525 mera
636 466 848 524 veritas
877 465 1194 523 Tusculani
1229 465 1502 536 hominis,
1534 482 1707 541 egere
1738 483 1801 523 se
1833 464 2029 523 multis
2072 466 2247 524 rebus
2295 476 2369 524 et

352 602 356 606 -
444 565 587 622 nihil
637 573 837 621 tamen
887 581 1105 638 cupere
1163 562 1431 630 dicentiS‚
1480 563 1610 637 plus
1655 562 1854 621 hercle
1909 574 2225 638 promovet
2274 565 2368 623 ad

444 661 873 720 exhortandam
897 660 1315 736 parsimoniam
1339 658 1860 734 sustinendamque
1884 660 2146 735 inopiam
2168 679 2365 736 quam

346 785 366 832 3
440 761 803 818 Graecorum
834 759 1076 817 istorum
1120 758 1489 833 praestigiae,
1522 757 1925 832 philosophari
1972 775 2100 815 sese
2143 757 2362 816 dicen-

350 1529 403 1560 10

347 2059 395 2106 15
442 2033 879 2109 spica‘tissimos.

346 2549 402 2580 20

445 857 592 914 tium
647 857 1000 932 umbrasque
1059 858 1374 915 verborum
1433 856 1636 913 inanes
1708 854 2072 930 fingentium,
2129 855 2231 929 qui
2288 875 2366 914 se

446 954 589 1011 nihil
619 954 836 1012 habere
866 964 926 1011 et
955 954 1097 1010 nihil
1130 965 1329 1011 tamen
1373 972 1545 1028 egere
1576 971 1647 1010 ac
1677 952 1818 1009 nihil
1862 970 2080 1026 cupere
2123 951 2366 1026 dicunt,

445 1070 580 1109 cum
612 1061 672 1110 et
701 1051 979 1111 habendo
1009 1061 1068 1108 et
1099 1051 1334 1126 egendo
1364 1061 1424 1108 et
1450 1049 1749 1125 cupiendo
1777 1049 2042 1107 ardeant.

1068 1341 1191 1397 43.
1245 1344 1336 1406 (N.
1375 1344 1435 1392 A.
1471 1343 1581 1391 xv.
1619 1342 1719 1406 ιν.)

444 1507 669 1556 Historia
715 1508 778 1556 de
820 1506 1055 1555 Ventidio
1103 1507 1274 1564 Basso,
1317 1505 1523 1567 ignobili
1570 1505 1791 1562 homine,
1834 1520 1982 1569 quem
2027 1503 2244 1568 primum
2291 1507 2367 1555 de

525 1590 720 1639 Parthis
755 1589 1084 1653 triumphasse
1119 1588 1392 1637 memoriae
1428 1588 1662 1636 traditum
1697 1594 1784 1635 est.

526 1743 597 1799 In
632 1733 998 1799 sermonibus
1033 1758 1221 1815 nuper
1251 1739 1355 1796 fuit
1391 1739 1683 1796 seniorum
1718 1737 2026 1796 hominum
2065 1748 2124 1797 et
2160 1738 2363 1796 erudi-

445 1849 655 1910 torum,
702 1838 915 1896 multos
964 1838 1025 1895 in
1074 1848 1273 1895 vetere
1326 1836 1610 1894 memoria
1659 1836 2002 1893 altissimum
2053 1835 2364 1911 dignitatis

444 1935 689 2012 gradum
737 1933 1072 1993 ascendisse
1126 1934 1579 2009 ignobilissimos
1633 1933 1790 2007 prius
1832 1932 2103 1991 homines
2146 1942 2206 1990 et
2250 1932 2362 1992 de-

966 2032 1127 2089 Nihil
1176 2031 1330 2089 adeo
1382 2031 1458 2089 de
1502 2049 1802 2105 quoquam
1853 2039 2049 2087 tantae
2099 2028 2364 2088 admira—

445 2131 592 2190 tioni
622 2131 744 2202 fuit,
768 2140 1022 2205 quantae
1053 2130 1302 2200 fuerunt,
1331 2147 1480 2203 quae
1512 2129 1587 2187 de
1610 2128 1892 2186 Ventidio
1922 2129 2106 2186 Basso
2136 2129 2366 2204 scripta

446 2239 613 2287 sunt:
677 2247 813 2287 eum
861 2229 1164 2286 Picentem
1214 2228 1388 2285 fuisse
1436 2244 1651 2302 genere
1703 2236 1764 2284 et
1808 2226 1943 2283 loco
1988 2226 2193 2283 humili
2216 2247 2235 2298 3
2296 2237 2364 2285 et

446 2337 694 2385 matrem
734 2328 857 2385 eius
893 2344 927 2382 a
964 2326 1251 2399 Pompeio
1292 2326 1597 2396 Strabone,
1630 2324 1878 2398 Pompei
1921 2324 2125 2397 Magni
2166 2334 2362 2398 patre,

445 2425 602 2483 bello
651 2424 871 2495 sociali,
915 2442 1034 2499 quo
1082 2422 1405 2480 Asculanos
1456 2421 1703 2496 subegit,
1748 2430 1982 2496 captam
2035 2439 2173 2478 cum
2225 2422 2364 2495 ipso

444 2541 571 2580 esse
594 2543 611 2595 3
663 2541 801 2579 mox
838 2521 1236 2595 triumphante
1281 2519 1568 2594 Pompeio
1607 2520 1893 2578 Strabone
1938 2536 2073 2576 eum
2114 2536 2364 2593 quoque

447 2638 694 2695 puerum
729 2619 879 2676 inter
906 2629 1136 2676 ceteros
1168 2628 1304 2675 ante
1335 2635 1568 2674 currum
1597 2615 1967 2691 imperatoris
1997 2615 2124 2672 sinu
2157 2617 2365 2674 matris

532 2806 572 2837 2.
616 2791 902 2836 Tusculani:
933 2790 1055 2836 Cato
1081 2790 1204 2833 lived
1226 2803 1290 2833 on
1311 2802 1342 2832 a

446 2866 563 2911 farm
587 2879 702 2910 near
722 2866 1003 2910 Tusculum.

532 2953 573 2999 5.
604 2941 931 2997 praestigiae:
964 2938 1182 2983 ‘boasts.'

507 3030 573 3061 10.
617 3014 826 3060 Ventidio
878 3015 1021 3058 Basso
1036 3026 1053 3059 .·
1106 3026 1136 3056 a
1181 3011 1345 3056 distin-

445 3090 650 3146 guished
672 3089 861 3132 Roman
882 3087 1089 3143 general,
1110 3087 1216 3130 who
1239 3099 1346 3130 rose

447 3164 569 3208 from
592 3163 670 3206 the
692 3161 931 3206 humblest
953 3161 1097 3204 walks
1119 3160 1173 3204 of
1198 3160 1274 3204 lise
1299 3166 1347 3204 to

447 3238 528 3282 the
549 3238 735 3292 highest
758 3236 937 3279 honors
959 3235 1007 3278 in
1030 3235 1108 3278 the
1130 3241 1265 3278 state.

512 3324 579 3355 11.
610 3310 802 3353 Parthis
825 3322 842 3354 .·
902 3308 1091 3352 Parthia
1150 3309 1352 3352 became

451 3383 777 3440 independent
817 3382 964 3425 about
1002 3393 1088 3437 250
1118 3389 1223 3434 B.C.‚
1256 3381 1352 3424 and

1447 2801 1544 2832 was
1571 2795 1618 2832 at
1650 2788 1728 2832 the
1760 2789 1872 2831 time
1904 2787 2017 2831 here
2049 2787 2097 2831 in
2132 2788 2363 2847 question

1450 2864 1529 2907 the
1549 2869 1751 2919 greatest
1772 2875 1932 2918 power
1953 2862 2002 2905 in
2024 2861 2104 2905 the
2127 2862 2262 2908 East.

1511 2951 1576 2994 17.
1607 2938 1873 2982 Picentem:
1906 2939 1993 2980 ‘an
2018 2935 2290 2981 inhabitant
2312 2936 2369 2982 of

1453 3011 1706 3065 Picenum,⁰
1760 3011 1840 3054 the
1901 3010 2081 3054 district
2141 3010 2361 3056 between

1452 3085 1655 3130 Umbria
1716 3085 1812 3129 and
1879 3084 2062 3130 Sabina
2117 3085 2221 3128 and
2281 3086 2364 3130 the

1452 3160 1664 3204 Adriatic
1696 3160 1804 3204 Sea.

1514 3247 1580 3289 19.
1611 3234 1870 3278 Asculanos
1884 3233 2094 3289 subegit:
2123 3233 2173 3278 in
2193 3236 2252 3292 89
2270 3243 2365 3281 B.C.

1453 3308 1610 3351 There
1624 3321 1719 3352 was
1733 3321 1795 3352 an
1809 3308 2041 3352 Asculum
2060 3307 2109 3351 in
2126 3308 2364 3354 Picenum

1454 3383 1550 3425 and
1572 3383 1773 3426 another
1794 3382 1840 3426 in
1863 3382 2056 3439 Apulia.
