2475 3617
394 117 474 162 22
711 101 893 183 Fifty
942 102 1192 165 Storz'es
1221 105 1407 185 from
1456 103 1676 166 Aulus
1729 105 1986 167 Gellius

475 298 706 356 Eadem
751 300 1045 358 sententia
1094 311 1183 358 est
1232 300 1381 358 illius
1430 319 1668 375 quoque
1717 302 1928 360 veteris
1985 304 2298 377 proverbii,

392 395 555 470 quod
590 397 670 454 ita
705 395 931 453 dictum
966 398 1339 472 accepimus:
1387 402 1627 455 ‘aurum
1655 400 1709 455 T
1710 399 2054 458 olosanum.’
2142 402 2300 458 Nam

393 511 532 550 cum
567 493 857 568 oppidum
890 495 1251 553 Tolosanum
1290 495 1350 552 in
1385 507 1537 553 terra
1567 497 1759 555 Gallia
1789 497 2041 571 Quintus
2072 498 2300 573 Caepio

393 592 600 649 consul
629 590 965 666 diripuisset
993 592 1360 667 multumque
1390 593 1515 650 auri
1554 593 1614 651 in
1652 595 1776 652 eius
1815 594 2022 670 oppidi
2063 597 2299 671 templis

293 713 315 760 5
388 688 610 761 fuisset,
656 690 918 765 quisquis
969 709 1042 748 ex
1090 708 1163 747 ea
1210 690 1545 766 direptione
1596 710 1801 749 aurum
1845 693 2035 768 attigit
2082 694 2299 752 misero

393 786 809 861 cruciabilique
852 788 1009 844 exitu
1052 788 1243 863 periit.

475 885 656 941 Hunc
711 902 927 959 equum
978 886 1197 944 Gavius
1255 887 1465 944 Bassus
1514 886 1729 945 vidisse
1786 905 1847 944 se
1896 887 2066 963 Argis
2121 888 2299 948 refert

392 981 533 1039 haut
581 981 862 1041 credibile
911 983 1310 1057 pulcritudine
1354 984 1671 1059 vigoreque
1722 994 1783 1041 et
1831 985 2029 1043 colore
2081 986 2298 1044 exube-

391 1079 741 1138 rantissimo.

294 1203 346 1232 10
471 1176 667 1250 Quem
709 1177 972 1235 colorem
1014 1196 1140 1249 nos,
1183 1178 1354 1236 sicuti
1395 1178 1536 1251 dixi,
1569 1178 1959 1254 ‘poeniceum
1981 1180 1995 1206 '
2024 1178 2298 1254 dicimuS,

390 1274 606 1332 Graeci
636 1275 850 1349 partim
882 1279 897 1306 ‘
916 1277 1175 1349 φοίνικα,’
1206 1276 1302 1333 alii
1332 1275 1634 1336 ‘on-‹fficxa'
1666 1276 1985 1351 appellant,
2015 1278 2299 1352 quoniam

389 1372 619 1446 palmae
672 1382 887 1430 termes
936 1391 1008 1431 ex
1055 1373 1263 1432 arbore
1313 1392 1450 1432 cum
1500 1374 1691 1433 fructu
1747 1375 1977 1433 avulsus
2024 1376 2295 1450 ‘spadix’

390 1469 621 1528 dicitur.

999 1740 1117 1797 16.
1172 1743 1264 1808 (Ν.
1300 1745 1362 1793 A.
1399 1743 1497 1793 ΙΙΙ.
1533 1742 1680 1808 x111.)

290 1917 338 1965 15
382 1905 531 1968 Quod
567 1905 938 1955 Demosthenes
973 1906 1231 1954 etiamtum
1267 1905 1574 1965 adulescens»,
1600 1922 1714 1954 cum
1749 1905 1970 1955 Platonis
2004 1906 2299 1972 philosophi

470 1989 737 2053 discipulus
793 1990 936 2048 foret,
972 1989 1142 2038 audito
1195 1989 1321 2038 forte
1369 1988 1651 2038 Callistrato
1703 1990 1902 2038 rhetore
1952 1989 2005 2038 in
2056 1990 2298 2040 contione

467 2071 639 2136 populi
675 2073 861 2121 destitit
895 2088 924 2121 a
961 2072 1168 2121 Platone
1203 2079 1254 2121 et
1288 2078 1503 2121 sectatus
1537 2070 1870 2121 Callistratum
1905 2079 1994 2121 est.

469 2219 834 2294 Hermippus
864 2220 979 2278 hoc
1008 2220 1291 2295 scriptum
1323 2219 1575 2294 reliquit,
1605 2219 2055 2278 Demosthenen
2084 2219 2295 2279 admo-

386 2318 529 2376 dum
563 2318 1003 2377 adulescentem
1034 2319 1317 2376 ventitare
1353 2318 1410 2375 in
1440 2316 1826 2375 Academiam
1867 2318 2296 2394 Platonemque

283 2443 339 2473 20
381 2414 584 2473 audire
626 2415 881 2473 solitum.
968 2417 1191 2489 ‘Atque
1234 2416 1313 2473 is'
1359 2415 1549 2490 inquit
1590 2414 2063 2473 ‘Demosthenes
2107 2414 2298 2475 domo

383 2530 664 2587 egressus,
721 2522 786 2570 ut
839 2513 894 2570 ei
950 2531 1078 2570 mos
1134 2523 1278 2585 erat,
1330 2531 1466 2570 cum
1521 2511 1600 2570 ad
1656 2514 1964 2571 Platonem
2020 2524 2298 2589 pergeret

383 2610 818 2684 complurisque
876 2628 909 2667 e
971 2611 1196 2684 populo
1258 2621 1680 2669 concurrentes
1734 2610 1983 2682 videret,
2040 2629 2295 2687 percon-

383 2717 538 2765 tatur
573 2708 696 2765 eius
735 2708 817 2764 rei
855 2726 1093 2765 causam
1132 2708 1575 2784 cognoscitque,
1608 2726 1839 2766 currere
1882 2727 1983 2767 eos
2023 2709 2293 2768 auditum

466 2893 510 2937 4.
542 2879 833 2936 Direpuisset
848 2892 864 2925 :
898 2882 909 2900 ⁴
925 2880 1023 2923 bad
1045 2878 1283 2936 pillaged.'
1447 2882 1513 2926 18.
1544 2881 1832 2938 Hermzppns
1847 2896 1864 2925 .·
1903 2893 1934 2925 a
1967 2880 2204 2926 historiari
2244 2881 2301 2926 of

443 2966 511 2999 12.
553 2954 768 2998 Termes:
797 2966 827 2997 a
853 2954 1018 3011 bough
1051 2960 1130 2999 cut
1158 2954 1281 2998 from
1386 2955 1605 3012 Smyrna.

381 3041 412 3072 a
431 3035 545 3074 tree.
1447 3041 1514 3086 19.
1545 3030 1852 3074 Academiam
1872 3045 1890 3074 .·
1919 3030 1997 3074 the
2017 3031 2218 3087 garden,
2241 3030 2294 3075 in

444 3114 511 3148 12.
545 3102 730 3160 Spadix
752 3114 769 3148 .·
832 3115 863 3146 a
916 3103 1045 3160 palm
1100 3102 1283 3166 branch
1384 3103 1464 3147 the
1514 3105 1720 3149 suburbs
1771 3104 1826 3149 of
1877 3104 2078 3158 Athens,
2133 3105 2294 3150 where

381 3176 566 3222 broken
599 3176 674 3221 off
696 3176 806 3221 with
838 3176 895 3221 its
926 3176 1049 3221 fruit.
1387 3178 1521 3223 Plato
1548 3178 1726 3236 taught,
1749 3179 1845 3224 and
1876 3178 1997 3224 from
2019 3180 2177 3225 which
2211 3180 2294 3224 the

445 3252 511 3296 16.
550 3251 821 3295 Calllstrato
843 3263 861 3297 .·
925 3264 987 3294 an
1040 3251 1283 3295 Athenian
1383 3253 1648 3298 Academic
1688 3254 1868 3299 School
1910 3254 1964 3299 of
1998 3253 2294 3313 philosophy

384 3331 558 3371 orator.
1383 3339 1479 3373 was
1500 3328 1694 3375 named.
