2475 3617
381 195 566 277 Fifty
615 195 863 259 Storz'es
888 197 1075 278 from
1123 197 1344 259 Aulus
1395 196 1652 259 Gellius
1887 212 1922 274 3
1937 212 1961 257 1

633 516 639 524 ·
732 485 856 542 23.
901 487 994 552 (N.
1034 489 1098 537 A.
1134 488 1194 536 V.
1230 486 1311 552 x.)

84 653 150 701 De
190 651 513 715 argumentiS,
548 666 677 716 quae
711 651 904 701 Graece
950 652 1351 713 ἀντιστρέφοντα
1393 651 1722 716 appellantur,
1758 667 1789 701 a
1829 651 1976 701 nobis

152 745 165 763 ⁶
183 735 466 799 reciproca'
497 733 596 783 dici
630 740 851 798 possunt.

153 870 317 927 Inter
359 869 499 926 vitia
540 878 1022 945 argumentorum
1055 868 1227 944 longe
1262 869 1582 926 maximum
1613 887 1742 927 esse
1770 869 1976 928 vitium

85 967 318 1038 videtur,
377 984 531 1041 quae
574 965 1088 1042 ‘dureorpe'ssovm'
1135 966 1353 1025 Graeci
1409 966 1634 1025 dicunt.
1721 969 1809 1025 Ea
1850 969 1976 1042 qui-

87 1064 211 1122 dam
240 1083 272 1121 e
306 1065 518 1123 nostris
561 1082 682 1122 non
724 1063 923 1122 hercle
965 1064 1139 1121 nimis
1183 1063 1438 1123 absurde
1470 1066 1841 1139 ‘reciproca'
1872 1084 1973 1140 ap-

88 1163 450 1236 pellaverunt.
539 1161 612 1219 Id
655 1170 853 1219 autem
898 1161 1104 1219 vitium
1147 1162 1368 1222 accidit
1419 1162 1534 1221 hoc
1588 1162 1789 1235 modo,
1839 1182 1976 1221 cum

89 1270 485 1335 argumentum
542 1260 911 1334 propositum
969 1260 1171 1317 referri
1214 1269 1422 1318 contra
1479 1262 1862 1336 convertique
1918 1263 1978 1318 in

92 1375 211 1414 eum
256 1367 472 1431 potest,
502 1375 536 1414 a
564 1375 683 1432 quo
726 1357 952 1415 dictum
989 1367 1096 1429 est,
1129 1368 1188 1416 et
1216 1359 1511 1433 utrimque
1542 1359 1759 1433 pariter
1784 1359 1939 1416 valet
1963 1380 1975 1431 ;

91 1456 247 1529 quale
291 1465 381 1513 est
425 1455 828 1531 pervolgatum
875 1454 1037 1527 illud,
1082 1474 1202 1530 quo
1250 1458 1650 1531 Protagoram,
1693 1457 1979 1531 sophista-

92 1571 205 1611 rum
255 1554 626 1625 acerrimum,
672 1571 842 1611 usum
895 1571 1024 1612 esse
1074 1554 1269 1611 ferunt
1315 1554 1591 1612 adversus
1643 1555 1978 1626 Euathlum,

92 1651 431 1726 discipulum
461 1670 650 1709 suum.

162 1750 255 1807 Lis
299 1767 554 1825 namque
585 1750 736 1807 inter
767 1767 871 1807 eos
900 1761 960 1808 et
990 1750 1390 1808 controversia
1419 1768 1595 1824 super
1624 1760 1799 1825 pacta
1827 1768 1976 1808 mer-

94 1847 228 1906 cede
272 1849 420 1907 haec
465 1849 590 1906 fuit.
677 1848 980 1920 EuathluS‚
1013 1847 1362 1907 adulescens
1393 1847 1577 1920 diveS,
1609 1848 1979 1922 eloquentiae

95 1944 398 2004 discendae
444 1964 866 2020 causarumque
904 1944 1113 2004 orandi
1143 1946 1390 2020 cupiens
1421 1946 1543 2004 fuit.
1631 1946 1690 2003 Is
1719 1946 1779 2003 in
1809 1944 1985 2004 disci-

96 2043 296 2114 plinam
328 2046 684 2119 Protagorae
720 2062 850 2102 sese
893 2042 1061 2102 dedit
1103 2042 1494 2118 daturumque
1529 2043 1799 2118 promisit
1830 2061 1978 2100 mer-

97 2140 290 2199 cedem
311 2141 599 2218 grandem
623 2142 956 2216 pecuniam,
983 2152 1262 2217 quantam
1297 2144 1641 2217 Protagoras
1676 2141 1980 2216 petiverat,

98 2236 507 2315 dimidiumque
538 2240 662 2298 eius
700 2239 868 2297 dedit
912 2240 1026 2297 iam
1071 2249 1211 2298 tunc
1257 2240 1452 2298 statim
1495 2239 1833 2314 priusquam
1866 2238 1979 2296 dis-

98 2347 256 2409 ceret,
286 2338 652 2413 pepigitque,
675 2347 741 2395 ut
771 2337 1059 2413 reliquum
1090 2336 1402 2395 dimidium
1428 2337 1615 2409 daret,
1638 2355 1759 2412 quo
1790 2337 1982 2411 primo

99 2431 180 2491 die
208 2454 442 2494 causam
472 2433 633 2510 apud
661 2434 886 2493 iudices
921 2446 1144 2494 orasset
1172 2445 1233 2494 et
1262 2436 1515 2510 vicisset.
1604 2436 1817 2493 Postea
1847 2454 1983 2492 cum

98 2529 301 2591 diutule
343 2532 581 2591 auditor
622 2532 1076 2608 adsectatorque
1137 2535 1493 2608 Protagorae
1549 2533 1749 2591 fuisset
1806 2543 1866 2591 et
1924 2533 1982 2590 in

100 2630 274 2689 studio
329 2630 576 2706 quidem
633 2631 944 2689 facundiae
1001 2630 1237 2690 abunde
1301 2632 1713 2706 promovisset,
1774 2649 1978 2689 causas

100 2735 276 2786 tamen
319 2748 443 2787 non
485 2729 776 2804 reciperet
819 2739 1171 2804 tempusque
1208 2729 1326 2786 iam
1356 2730 1595 2805 longum
1625 2740 1981 2788 transcurre-

171 2912 209 2946 2.
238 2899 605 2950 Ἀντιστέφονταε
665 2903 676 2921 ⁴
692 2901 977 2953 converted,’
1141 2912 1207 2958 15.
1238 2901 1296 2945 ln
1367 2901 1664 2959 disciplinam
1687 2915 1704 2948 .·
1778 2903 1788 2921 ‘
1811 2906 1861 2945 to
1920 2901 1983 2945 be

99 2973 360 3029 ‘converse‚’
383 2979 393 2996 ‘
410 2976 619 3020 retorted
634 2976 669 3029 ’;
704 2987 873 3020 means
900 2975 979 3019 the
1081 2975 1294 3021 trained!

100 3058 214 3093 same
234 3063 287 3095 as
308 3051 560 3107 reciproca.
1140 3063 1208 3096 21.
1242 3050 1443 3094 Diutule
1460 3065 1477 3094 .·
1513 3053 1568 3093 ‘a
1598 3050 1729 3095 short
1758 3050 1901 3104 time,'
1928 3053 1983 3093 ‘a

167 3137 209 3180 4.
252 3126 406 3172 Vitia:
440 3124 723 3170 ‘fallacies.'‘
1081 3124 1193 3169 little
1213 3126 1386 3169 while.’

147 3209 210 3243 10.
239 3200 549 3257 Protagoram
569 3215 587 3243 .·
627 3199 681 3244 of
703 3200 901 3244 Abdera
932 3199 980 3242 in
1140 3212 1209 3245 21.
1241 3201 1552 3245 Adsectator:
1588 3199 1848 3253 ‘follower,'
1872 3201 1983 3256 'pu-

99 3269 268 3318 Thrace
322 3274 546 3332 (480—411
598 3272 733 3331 B.C.)‚
773 3287 805 3317 a
860 3274 980 3318 cele-
1082 3274 1177 3330 pil?

98 3342 246 3391 brated
276 3348 472 3405 sophist.
1141 3361 1209 3392 22.
1239 3347 1552 3391 promovisset
1572 3359 1589 3391 :
1680 3349 1689 3365 ⁸
1713 3346 1811 3389 had
1897 3347 1980 3389 ad-

149 3432 210 3478 13.
240 3422 349 3468 Lis:
384 3425 439 3466 ‘a
460 3421 582 3466 suit.’
1082 3420 1292 3473 vanced‚'
1325 3420 1492 3462 ‘made
1523 3418 1770 3474 progress!

2028 1484 2080 1514 10

2028 2461 2083 2491 20
