2475 3617
380 174 468 237 44
702 152 884 238 szty
933 152 1185 219 Stories
1209 155 1399 237 from
1445 152 1666 218 Aulus
1716 153 1970 219 Gellius

380 350 704 409 munditiae
760 361 821 411 et
875 352 1197 410 venustatis
1248 362 1308 410 et
1355 352 1703 427 prudentiae
1752 354 2079 429 plenarum,
2128 356 2292 413 velut

378 458 514 507 sunt
567 449 700 507 illae
755 449 1003 521 litterae,
1053 450 1265 524 quibus
1319 450 1621 509 Aristoteli
1675 451 2031 528 philosopho
2081 464 2291 511 natum

380 564 508 604 esse
537 546 649 604 sibi
676 546 1074 605 Alexandrum
1104 548 1406 606 nuntiavit.

458 645 548 701 Ea
603 644 868 718 epistula,
926 646 1207 719 quoniam
1263 664 1440 704 curae
1506 646 1965 722 diligentiaeque
2022 647 2084 705 in
2138 648 2287 706 libe-

279 766 302 815 5
374 760 602 799 rorum·
629 742 970 817 disciplinas
1044 743 1482 801 hortamentum
1554 754 1659 816 est,
1718 745 2107 805 exscribenda
2162 748 2289 805 visa

379 850 468 897 est
523 839 601 897 ad
657 840 1128 899 commonendos
1199 852 1511 917 parentum
1578 842 1821 901 animos.
1909 843 2290 917 Exponenda

378 946 468 996 est
509 936 684 1013 igitur
725 937 801 995 ad
846 938 999 996 hanc
1042 939 1225 998 ferme
1269 940 1657 997 sententiam:

697 1090 712 1116 ‘
735 1086 1037 1162 Philippus
1078 1087 1374 1145 Aristoteli
1418 1088 1662 1146 salutem
1707 1087 1871 1148 dicit.

459 1233 670 1291 Filium
701 1234 844 1292 mihi
874 1236 1138 1310 genitum
1181 1236 1349 1294 scit0.
1435 1236 1616 1309 Quod
1645 1236 1924 1311 equidem
1964 1237 2056 1295 dis
2086 1237 2286 1296 habeo

279 1358 331 1388 10
372 1332 635 1406 gratiam,
668 1350 789 1389 non
831 1333 1082 1407 proinde
1126 1334 1263 1407 quia
1304 1343 1474 1391 natus
1510 1344 1618 1406 est,
1649 1353 1827 1410 quam
1855 1352 1964 1409 pro
1994 1353 2085 1406 e0,
2118 1336 2286 1410 quod

375 1429 538 1486 nasci
577 1430 824 1505 contigit
868 1431 1230 1505 temporibus
1272 1432 1425 1489 vitae
1469 1441 1622 1490 tuae.
1707 1433 1892 1507 Spero
1936 1433 2092 1490 enim
2137 1433 2285 1506 fore,

375 1535 441 1584 ut
490 1525 737 1585 eductus
789 1529 1165 1602 eruditusque
1209 1547 1246 1585 a
1287 1538 1346 1587 te
1388 1528 1601 1604 dignus
1644 1529 1855 1588 existat
1903 1539 1963 1587 et
2003 1530 2178 1589 nobis
2223 1541 2287 1589 et

376 1642 569 1681 rerum
600 1625 838 1682 istarum
869 1626 1285 1699 susceptione.'

454 1721 645 1796 Ipsius
674 1732 872 1780 autem
905 1723 1159 1799 Philippi
1187 1724 1366 1782 verba
1393 1724 1541 1782 haec
1570 1733 1702 1782 sunt
1726 1747 1738 1782 ε

278 1894 325 1943 15
785 1871 1064 1933 Φίλιππος
1108 1868 1493 1947 Ἀριστοτέλει
1534 1872 1758 1950 χαίρειν.

444 2016 595 2076 ''Io-Oc
651 2041 746 2093 μοι
806 2017 1074 2096 γεγονότα
1131 2017 1265 2078 υἱόν.
1351 2020 1593 2094 Πολλὴν
1654 2015 1748 2078 οὖν
1808 2022 1926 2081 τοῖς
1978 2020 2121 2082 θεοῖς
2171 2022 2287 2101 ἔχω

374 2116 552 2193 χάριν,
585 2116 688 2192 οὔχ
729 2113 900 2177 οὕτως
945 2117 1035 2175 ε’πὶ
1063 2119 1140 2194 τῇ
1165 2115 1376 2194 γενέσει
1418 2119 1517 2174 τοῦ
1557 2115 1764 2186 παιδός,
1799 2114 1864 2178 ὥς
1904 2117 1994 2175 ἐπὶ
2032 2120 2112 2195 τῷ
2140 2122 2290 2179 κατὰ

368 2213 469 2290 τὴν
514 2213 622 2288 σὴν
671 2213 893 2288 ἡλικίαν
934 2214 1101 2272 αὐτὸν
1149 2212 1428 2289 γεγονέναι
1449 2234 1463 2247 ·
1547 2214 1755 2284 ἐλπίζω
1797 2215 1924 2292 γάρ,
1964 2216 2132 2274 αὐτὸν
2174 2218 2291 2277 ὕπὸ

375 2313 480 2367 σοῦ
524 2309 809 2387 τραφέντα
854 2309 943 2368 καὶ
991 2308 1345 2370 παιδευθέντα
1383 2308 1532 2377 ἄξιον
1576 2309 1804 2369 ἔσεσθαι
1846 2312 1935 2369 καὶ
1976 2312 2136 2387 ἡμῶν
2194 2313 2290 2374 καὶ

274 2433 329 2465 20
370 2409 470 2482 τῆς
497 2409 607 2467 τῶν
635 2407 974 2485 πραγμάτων
1002 2405 1272 2485 διαδοχῆς.

1024 2731 1149 2788 32.
1202 2734 1293 2798 (N.
1318 2736 1378 2784 A.
1405 2735 1499 2785 IX.
1521 2719 1620 2800 in.)

773 2896 854 2944 De
877 2895 1079 2944 Valerio
1103 2896 1343 2957 Corvino3
1388 2904 1439 2945 et
1462 2899 1596 2947 unde
1620 2898 1878 2949 Corvinus.

453 3044 547 3101 De
594 3043 861 3101 Maximo
903 3043 1157 3114 Valeri0,
1202 3043 1304 3117 qui
1348 3045 1633 3103 Corvinus
1677 3045 2006 3120 appellatus
2055 3057 2147 3106 est
2207 3050 2292 3111 ob

433 3227 474 3258 2.
505 3213 626 3257 Illae
677 3213 863 3257 litterae
880 3228 897 3258 .·
946 3215 956 3233 ⁴
971 3214 1071 3258 that
1116 3214 1276 3268 letter:
1438 3231 1509 3262 22.
1544 3216 1730 3261 Valerio
1752 3219 1983 3263 Corvino:
2012 3221 2222 3269 dictator
2238 3225 2289 3270 in

374 3294 459 3332 not
479 3290 488 3308 ¹
505 3287 642 3332 those
665 3288 850 3333 letters!
1379 3304 1467 3347 342
1486 3294 1582 3336 and
1604 3306 1689 3350 301
1708 3301 1826 3346 B.C.;
1854 3295 1924 3339 six
1940 3295 2079 3341 times
2097 3301 2290 3347 consul.

433 3374 476 3417 9,
513 3361 680 3417 Quod:
711 3362 721 3381 ⁶
738 3359 1022 3405 wherefore.'
1379 3364 1500 3408 This
1521 3366 1698 3423 exploit
1717 3381 1813 3412 was
1834 3369 1884 3412 in
1903 3382 1991 3427 349
2011 3378 2107 3418 B.C.
