2475 3617
498 178 520 223 1
535 164 572 223 8
801 161 983 243 Fzfly
1033 163 1286 226 Stories
1311 163 1499 245 from
1547 160 1767 223 Aulus
1818 159 2074 223 Gellius

488 356 718 414 evenit:
765 375 901 413 cum
949 357 1179 415 saucius
1225 357 1602 416 multifariam
1642 356 1722 415 ibi
1762 356 1951 414 factus
1986 366 2158 427 esset,
2191 367 2386 415 tamen

485 454 693 511 vulnus
735 454 918 529 capiti
960 455 1182 512 nullum
1227 455 1442 526 evenit,
1480 473 1736 530 eumque
1779 455 1931 512 inter
1975 464 2252 526 mortuOS,
2282 454 2382 512 de·
2447 469 2450 480 ¹

489 550 793 625 fetigatum
831 551 1160 610 vulneribus
1195 562 1373 627 atque
1409 552 1571 626 quod
1602 570 1862 627 sanguen
1892 551 2015 609 eius
2044 550 2383 625 defluxerat,

489 666 838 723 cognovere.
952 650 1106 707 Eum
1163 650 1465 721 sustulere,
1515 650 1680 724 isque
1730 649 2044 721 convaluit,
2090 666 2385 724 saepeque

390 770 410 817 5
482 755 618 820 post
647 745 742 802 illa
772 764 1018 821 operam
1047 747 1407 821 reipublicae
1440 747 1652 804 fortem
1681 756 1858 821 atque
1890 756 2188 804 strenuam
2219 763 2382 821 prae-

488 842 679 901 hibuit
724 843 941 918 illoque
990 842 1166 916 facto,
1206 842 1370 918 quod
1414 844 1542 902 illos
1586 844 1799 901 milites
1843 843 2137 915 subduxit,
2167 846 2385 902 exerci-
2447 827 2450 850 ¹

490 950 615 998 tum
665 950 930 998 ceterum
978 942 1246 999 servavit.
1350 941 1467 1000 Sed
1518 940 1681 999 idem
1732 942 2109 999 benefactum
2158 959 2279 1015 quo
2328 942 2388 1000 in

490 1037 625 1095 loco
668 1056 873 1113 ponas,
915 1038 1165 1096 nimium
1216 1039 1475 1097 interest.
1563 1038 1856 1097 Leonides
1901 1040 2060 1096 Laco
2102 1038 2387 1112 laudatur,
2447 1069 2450 1090 ι

490 1135 591 1209 qui
635 1136 823 1193 simile
868 1136 1027 1211 apud
1071 1136 1504 1211 Thermopylas
1555 1137 1712 1194 fecit.
1799 1138 2045 1211 Propter
2099 1137 2224 1194 eius
2278 1137 2386 1194 vir-

394 1260 445 1290 10
487 1243 639 1291 tutes
685 1234 876 1291 omnis
921 1234 1173 1292 Graecia
1217 1234 1463 1310 gloriam
1506 1244 1684 1308 atque
1727 1234 1973 1309 gratiam
2007 1233 2386 1308 praecipuam
2445 1225 2450 1248 ¹

491 1330 850 1390 claritudinis
879 1331 1280 1390 inclitissimae
1315 1331 1671 1390 decoravere
1710 1332 2144 1390 monumentis:
2191 1332 2387 1408 signiS‚

490 1429 713 1500 statuiS‚
764 1428 985 1504 elogiiS,
1037 1428 1291 1488 historiis
1348 1430 1593 1504 aliisque
1650 1429 1823 1488 rebus
1878 1429 2271 1504 gratissimum
2328 1429 2388 1487 id

490 1527 614 1583 eius
657 1527 877 1584 factum
921 1527 1178 1586 habuere
1200 1548 1217 1600 3
1262 1537 1322 1585 at
1365 1527 1601 1585 tribuno
1645 1527 1893 1585 militum
1923 1544 2100 1601 parva
2129 1526 2253 1584 laus
2282 1521 2450 1602 pro]

491 1623 657 1682 factis
687 1625 907 1696 relicta,
937 1626 1039 1699 qui
1067 1625 1228 1683 idem
1266 1626 1485 1683 fecerat
1518 1634 1696 1699 atque
1725 1643 1851 1682 rem
1881 1633 2228 1681 servaverat.

392 1704 468 1793 ις’
569 1722 747 1778 Hane
799 1723 874 1796 Q.
924 1722 1171 1780 Caedici
1221 1723 1437 1782 tribuni
1484 1722 1756 1780 virtutem
1811 1724 1897 1780 M.
1934 1722 2087 1780 Cato
2140 1721 2241 1779 tali
2283 1740 2390 1780 suo

489 1819 829 1878 testimonio
858 1820 1177 1879 decoravit.
1263 1820 1546 1879 Claudius
1581 1830 1777 1877 autem
1823 1818 2247 1894 Quadrigarius
2288 1838 2388 1877 an-

493 1918 610 1975 nali
649 1919 821 1976 tertio
860 1937 980 1976 non
1016 1918 1304 1976 Caedicio
1332 1935 1553 1976 nomen
1582 1918 1756 1975 fuisse
1786 1917 1884 1989 ait,
1915 1917 2024 1976 sed
2055 1916 2333 1976 Laberi0.

1104 2171 1222 2228 14.
1267 2174 1357 2237 (Ν.
1394 2176 1455 2223 A.
1494 2174 1593 2222 111.
1628 2173 1772 2237 vm.)

487 2317 706 2366 Litterae
752 2318 961 2367 eximiae
1008 2318 1270 2368 consulum
1305 2320 1359 2369 C.
1402 2319 1617 2368 Fabricii
1664 2325 1714 2367 et
1759 2319 1824 2382 Q.
1861 2317 2063 2367 Aemilii
2109 2320 2176 2368 ad
2223 2336 2395 2384 regem
2445 2331 2446 2348 ³

387 2421 446 2451 20
571 2401 772 2462 Pyrrum
796 2417 827 2448 a
850 2401 911 2463 Q.
937 2401 1148 2450 Claudio
1173 2403 1412 2466 scriptore
1437 2402 1753 2450 historiarum
1778 2402 1829 2449 in
1854 2399 2341 2451 memoriamdatae.

567 2534 722 2592 Cum
773 2536 982 2609 Pyrrus
1033 2554 1134 2593 rex
1182 2536 1245 2593 in
1295 2546 1448 2594 terra
1490 2536 1660 2594 Italia
1703 2546 1858 2594 esset
1902 2545 1961 2593 et
2002 2553 2184 2593 unam
2216 2547 2393 2616 atque

572 2719 614 2763 3.
651 2706 790 2762 Quod
823 2719 1030 2764 sanguen
1070 2708 1170 2750 eius
1208 2707 1387 2765 destux-
1551 2720 1617 2763 19.
1654 2708 1709 2764 Q.
1739 2707 1974 2751 Aemilii:
2012 2706 2087 2751 his
2119 2720 2392 2764 cognomen

487 2785 619 2824 erat:
658 2787 880 2825 construe
915 2781 1025 2826 with
1068 2782 1385 2840 dqfetcfflrtum,
1489 2795 1584 2826 was
1599 2783 1754 2838 Papus
1766 2797 1786 2833 ,·
1809 2782 2055 2837 colleague
2073 2780 2128 2825 of
2144 2782 2392 2827 Fabricius
2439 2809 2445 2844 ‚

488 2861 570 2897 not
589 2854 699 2897 with
721 2868 973 2911 cognovere
985 2871 1004 2906 ,·
1033 2869 1255 2913 sanguen,
1273 2869 1387 2900 neu·
1488 2856 1537 2900 in
1559 2857 1637 2901 the
1659 2856 1950 2912 consulship,
1973 2857 2056 2912 278
2079 2863 2172 2901 B.C.

487 2935 555 2971 ter
575 2927 921 2973 ante-classical
946 2928 1067 2973 form
1097 2930 1149 2973 of
1173 2931 1382 2986 sanguis.
1547 2945 1615 2975 20.
1646 2932 1848 2987 &rrum
1874 2945 1890 2974 .·
1939 2930 2054 2987 king
2103 2929 2158 2974 of
2205 2930 2394 2987 Epiru5‚

574 3014 616 3060 5.
647 3003 759 3047 Post
774 3003 894 3049 illa:
927 3004 1119 3047 archaic
1135 3004 1207 3049 for
1215 3010 1386 3061 postea.
1487 3005 1596 3050 who
1627 3005 1836 3049 invaded
1866 3005 1984 3061 Italy
2004 3004 2114 3058 (280
2135 3004 2277 3061 B.C.),
2299 3017 2393 3048 was

547 3078 615 3121 16.
654 3077 881 3121 Claudius
926 3079 1310 3136 Quadrigarius:
1357 3092 1388 3124 a
1488 3081 1632 3126 much
1655 3080 1873 3124 admired
1894 3079 1957 3136 by
1976 3079 2058 3123 the
2088 3079 2311 3123 Romans
2343 3092 2393 3123 as

489 3150 679 3194 Roman
711 3151 927 3206 annalist,
959 3152 1009 3196 in
1039 3152 1119 3196 the
1150 3151 1248 3196 first
1280 3166 1389 3197 cen·
1488 3168 1518 3198 a
1537 3156 1682 3199 brave
1702 3155 1801 3199 and
1823 3154 2093 3198 cbivalrous
2114 3152 2207 3200 foe.

487 3230 591 3281 tury
613 3232 711 3269 B.c.
1546 3242 1616 3275 20.
1652 3230 1708 3286 Q.
1756 3228 1954 3273 Claudio
1978 3235 2125 3272 .··see
2166 3235 2282 3273 note
2329 3240 2393 3273 on

549 3310 616 3354 19.
656 3299 704 3343 C.
744 3299 996 3345 Fabricii:
1046 3313 1127 3344 see
1168 3307 1281 3344 note
1322 3313 1386 3345 on
1490 3302 1518 3346 l.
1543 3304 1608 3347 16.

488 3384 537 3428 p.
559 3382 598 3424 ι,
619 3371 649 3417 1.
668 3385 713 3427 7.
1547 3389 1615 3420 21.
1657 3377 1811 3421 Unam
1856 3381 1994 3435 atque
2037 3377 2239 3422 alteram
2273 3383 2395 3435 pug-
