2475 3617
561 148 750 230 Fz'ftjy
798 147 1049 211 Starz‘es
1075 148 1263 229 from
1311 146 1532 209 Aulus
1582 145 1838 210 Gellius
2070 162 2154 226 39

247 346 617 421 captivorum
673 354 733 402 et
788 361 896 418 pro
953 343 1059 414 his,
1116 361 1267 418 quos
1323 342 1488 400 alteri
1546 342 1736 417 plures
1799 342 2154 417 acciperent,

247 443 461 502 darent
509 442 734 518 argenti
783 438 990 517 pondo
1034 441 1239 498 libram
1285 450 1346 498 et
1388 440 1680 498 selibram.
1768 441 1927 512 Hoc,
1971 440 2154 516 prius-

247 561 427 617 quam
465 540 995 616 proficiscerentur,
1026 538 1428 596 iusiurandum
1468 557 1571 596 eos
1616 537 1831 613 adegit,
1867 538 2157 597 redituros

249 658 378 698 esse
423 638 486 697 in
526 648 716 697 castra
759 637 1030 708 Poenica,
1062 636 1111 694 si
1153 636 1411 694 Romani
1453 636 1718 711 captivos
1760 655 1880 695 non
1922 655 2154 713 permu-

248 747 459 796 tarent.
2235 761 2256 809 5

327 834 589 892 Veniunt
645 835 903 891 Romam
958 830 1171 891 decem
1229 833 1464 908 captivi.
1572 832 1925 891 Mandatum
1976 834 2159 891 Poeni

247 932 620 1008 imperatoris
684 932 745 989 in
802 940 1006 988 senatu
1073 941 1397 1005 exponunt.
1513 932 1871 988 Permutatio
1934 931 2160 989 senatui

246 1049 373 1089 non
427 1030 660 1106 placita.
748 1029 1045 1100 ParenteS,
1095 1028 1333 1103 cognati
1389 1027 1736 1102 adfinesque
1794 1029 2162 1104 captivorum

246 1128 509 1203 amplexi
548 1145 650 1185 eos
687 1126 1048 1201 postliminio
1087 1126 1147 1183 in
1183 1126 1431 1201 patriam
1469 1125 1690 1184 redisse
1726 1125 2008 1185 dicebant
2045 1137 2158 1184 sta-

248 1237 495 1301 tumque
545 1242 750 1283 eorum
796 1224 1088 1300 integrum
1135 1224 1612 1299 incolumemque
1659 1242 1807 1297 esse,
1851 1243 1920 1282 ac
1969 1243 2045 1283 ne
2087 1225 2165 1283 ad
2211 1252 2263 1282 10

247 1325 451 1382 hostes
500 1322 692 1382 redire
735 1322 954 1381 vellent
1004 1322 1270 1380 orabant.
1353 1324 1508 1380 Tum
1560 1332 1699 1381 octo
1746 1341 1820 1380 ex
1869 1322 1957 1381 his
2001 1333 2161 1398 post-

247 1422 539 1480 liminium
595 1421 811 1478 iustum
871 1438 989 1478 non
1047 1438 1174 1478 esse
1225 1420 1335 1478 sibi
1387 1420 1836 1495 responderunt,
1883 1421 2160 1496 quoniam

249 1519 481 1578 deiurio
507 1519 688 1577 vincti
718 1519 927 1589 forent,
960 1518 1295 1593 statimque,
1327 1519 1410 1575 uti
1453 1519 1620 1576 iurati
1665 1528 1847 1590 erant,
1877 1517 1953 1576 ad
1997 1519 2162 1576 Han-

249 1618 512 1676 nibalem
562 1617 812 1692 profecti
864 1626 1016 1674 sunt.
1102 1618 1241 1674 Duo
1293 1617 1500 1692 reliqui
1548 1617 1779 1674 Romae
1827 1626 2165 1676 manserunt

248 1716 593 1790 solutosque
639 1732 767 1773 esse
810 1732 872 1772 se
916 1732 986 1771 ac
1029 1714 1306 1772 liberatos
1349 1714 1632 1790 religione
1680 1714 1977 1786 dicebant,
2020 1732 2165 1789 quo·
2213 1739 2260 1786 15

248 1814 431 1885 niam,
473 1831 609 1870 cum
653 1813 867 1887 egressi
910 1821 1099 1869 castra
1141 1812 1397 1869 hostiurn
1444 1812 1704 1884 fuissent,
1743 1812 2163 1870 commenticio

247 1911 500 1969 consilio
528 1910 772 1985 regressi
803 1909 1034 1981 eodem,
1062 1919 1366 1985 tamquam
1396 1910 1444 1967 si
1472 1910 1551 1968 ob
1582 1910 1835 1984 aliquam
1868 1910 2162 1968 fortuitam

247 2027 509 2080 causam,
561 2009 743 2066 issent
791 2017 967 2081 atque
1019 2007 1098 2065 ita
1148 2007 1523 2065 iureiurando
1586 2008 1882 2066 satisfacto
1939 2026 2163 2065 rursum

245 2107 485 2172 iniurati
514 2106 789 2164 abissent.
876 2106 1047 2162 Haec
1079 2123 1283 2163 eorum
1314 2104 1681 2163 fraudulenta
1718 2105 2004 2163 calliditas
2043 2116 2162 2163 tam

248 2222 382 2265 esse
433 2204 616 2278 turpis
667 2203 995 2261 existimata
1044 2214 1150 2275 est,
1194 2213 1260 2261 ut
1305 2204 1633 2278 contempti
1680 2203 1855 2277 vulgo
1905 2202 2164 2278 discerp-
2210 2230 2262 2259 20

246 2304 413 2377 tique
461 2301 578 2361 sint
621 2318 1013 2375 censoresque
1061 2319 1163 2359 eos
1210 2311 1421 2375 postea
1467 2302 1731 2360 omnium
1784 2310 2053 2358 notarum
2106 2311 2164 2359 et

246 2399 486 2459 damnis
526 2408 586 2456 et
623 2398 957 2473 ignominiis
996 2398 1341 2469 adfecerint‚
1373 2399 1673 2473 quoniam,
1706 2397 1869 2473 quod
1911 2399 2163 2456 facturos

246 2498 675 2567 deieraverant,
705 2513 826 2554 non
870 2496 1163 2554 fecissent.

316 2681 354 2713 1.
392 2669 516 2725 Quos
538 2701 548 2713 .
575 2700 586 2713 .
613 2700 624 2712 .
647 2668 938 2724 acciperent:
971 2666 1156 2711 ‘whom
1322 2674 1390 2721 15.
1423 2664 1671 2721 Religione
1690 2678 1707 2707 .·
1738 2665 1748 2683 ⁸
1765 2662 1887 2707 from
1910 2662 2032 2707 their
2049 2663 2167 2708 obli-

247 2742 405 2788 either
454 2749 589 2800 party
639 2742 813 2787 should
867 2741 1049 2786 receive
1108 2741 1156 2786 in
1258 2738 1448 2795 gation.'

249 2830 420 2863 excess
452 2816 507 2862 of
530 2817 610 2861 the
640 2817 802 2862 other!
1322 2814 1387 2858 16.
1430 2812 1752 2856 Commenticio
1776 2826 1793 2854 .·
1847 2813 1856 2831 ’
1881 2811 2165 2864 fabricatori:

313 2907 354 2938 2.
385 2894 591 2949 Argenti
632 2924 645 2937 .
681 2925 693 2937 .
731 2925 743 2937 .
781 2892 1040 2936 selibram:
1098 2894 1109 2912 ⁴
1127 2905 1159 2935 a
1258 2889 1269 2907 ⁸
1284 2886 1429 2931 false.’

247 2967 424 3027 pound
445 2967 543 3010 and
564 2980 594 3011 a
613 2966 716 3011 half
741 2965 795 3010 of
819 2966 984 3012 silver.'
1320 2974 1387 3017 17.
1420 2961 1601 3005 Eodem
1629 2977 1646 3005 .·
1677 2961 1813 3005 local.

310 3056 353 3099 9.
384 3041 681 3086 Postliminio
699 3056 717 3084 .·
746 3055 775 3085 a
806 3040 967 3085 fiction
1000 3040 1054 3085 of
1077 3041 1158 3085 the
1319 3049 1389 3081 20.
1424 3037 1786 3093 Discerptique:
1819 3035 2049 3080 ‘reviled.'

252 3118 358 3171 law,
376 3116 441 3174 by
454 3115 609 3160 which
626 3129 657 3159 a
676 3128 854 3173 person
877 3117 1087 3160 restored
1108 3122 1158 3160 to
1323 3123 1391 3157 21.
1425 3111 1659 3154 Notarum
1677 3124 1694 3152 .·
1745 3110 1948 3153 ‘brands
2002 3108 2056 3153 of
2101 3108 2170 3152 in-

252 3190 537 3247 citizenship
577 3189 694 3234 after
734 3190 955 3247 captivity
989 3190 1037 3234 in
1078 3189 1157 3234 the
1264 3184 1418 3242 famy.'

248 3266 412 3311 hands
434 3264 489 3310 of
512 3278 574 3309 an
603 3277 773 3322 enemy
794 3278 890 3308 was
923 3265 1157 3321 regarded
1325 3273 1394 3316 23.
1424 3259 1773 3303 Deieraverant
1794 3272 1811 3300 .·
1868 3258 1878 3276 ⁸
1902 3257 2011 3314 they
2068 3257 2167 3301 had

248 3354 308 3387 as
360 3353 505 3384 never
554 3337 731 3396 having
783 3339 873 3384 lost
927 3338 1001 3382 his
1051 3338 1158 3382 civil
1267 3332 1448 3378 sworn.'

252 3415 421 3473 rights.
