2475 3617
1935 5 1980 68 b

344 135 429 196 24
665 115 847 197 Fzfly
896 115 1144 179 Storz'es
1168 117 1357 197 from
1404 115 1626 177 Aulus
1675 113 1934 178 Gellius

342 310 731 383 coronarique
774 309 1086 384 Olympiae
1131 309 1348 368 eodem
1392 310 1491 368 die
1534 320 1612 380 et,
1648 328 1785 367 cum
1828 310 1910 369 ibi
1953 291 2090 368 eum
2133 320 2252 369 tres

339 406 747 476 adulescentes
786 407 1044 482 amplexi
1082 407 1319 466 coronis
1358 408 1476 465 suis
1513 408 1575 465 in
1613 417 1793 483 caput
1826 408 2008 483 patris
2044 408 2254 483 positis

340 503 715 576 saviarentur‚
767 523 904 562 cum
952 505 1206 580 populus
1254 504 1714 580 gratulabundus
1765 505 1937 563 flores
1984 504 2253 579 undique

338 602 401 659 in
445 619 580 659 eum
623 602 858 673 iaceret,
903 601 1125 661 ibidem
1171 603 1231 659 in
1273 602 1467 661 stadio
1508 604 1879 678 inspectante
1922 603 2147 677 populo
2188 603 2255 660 in

241 724 261 771 5
335 699 550 757 osculis
579 710 769 775 ‚atque
812 700 873 757 in
915 700 1183 759 manibus
1227 700 1479 759 filiorum
1521 701 1779 758 animam
1821 700 2058 758 efflavit.

424 799 732 855 Praeterea
775 797 836 855 in
879 797 1092 855 nostris
1141 798 1446 856 annalibus
1495 798 1778 873 scriptum
1822 797 2090 873 legimuS,
2134 816 2256 872 qua

340 904 692 968 tempestate
727 894 887 969 apud
916 895 1150 953 Cannas
1186 896 1475 953 exercitus
1509 896 1712 971 populi
1748 895 2006 953 Romani
2042 912 2253 953 caesus

340 1002 446 1064 est,
478 1010 654 1049 anum
686 1002 932 1050 matrem
962 992 1167 1050 nuntio
1197 992 1274 1050 de
1306 1003 1494 1051 morte
1523 993 1625 1050 filii
1655 993 1849 1063 allato,
1880 993 2040 1051 luctu
2069 1003 2252 1068 atque

339 1107 603 1147 maerore
652 1089 923 1147 affectam
975 1107 1143 1162 esse3
1206 1090 1314 1149 sed
1361 1090 1410 1148 is
1459 1090 1696 1148 nuntius
1752 1108 1873 1148 non
1920 1108 2091 1147 verus
2142 1090 2254 1149 fuit

242 1214 294 1244 ιο
336 1196 512 1261 atque
548 1187 595 1244 is
630 1172 978 1245 adulescens
1015 1205 1136 1245 non
1175 1186 1278 1244 diu
1313 1197 1448 1263 post
1486 1206 1560 1245 ex
1598 1205 1670 1245 ea
1707 1204 1907 1263 pugna
1940 1186 2003 1244 in
2040 1186 2252 1246 urbem

338 1283 508 1355 redit,
540 1302 684 1342 anus
725 1295 970 1359 repente
1006 1285 1127 1342 filio
1159 1285 1285 1343 viso
1329 1285 1504 1359 copia
1544 1294 1722 1360 atque
1765 1285 1937 1344 turba
1980 1294 2039 1342 et
2081 1285 2254 1359 quasi

338 1382 505 1439 ruina
548 1380 863 1440 incidentis
905 1381 1193 1456 inopinati
1235 1381 1436 1457 gaudii
1475 1399 1758 1457 oppressa
1795 1382 2253 1458 exanimataque

340 1488 446 1536 est.

918 1759 924 1764 ,
956 1694 1073 1751 18.
1126 1697 1217 1762 (N.
1255 1700 1317 1747 A.
1354 1698 1443 1747 IV.
1477 1698 1623 1763 vm.)

240 1858 287 1907 15
330 1847 464 1910 Quid
494 1848 550 1897 C.
581 1847 836 1897 Fabricius
868 1848 930 1897 de
966 1847 1199 1896 Cornelio
1233 1848 1418 1897 Rufino
1446 1847 1652 1896 homine
1680 1863 1829 1897 avaro
1862 1848 2054 1908 dixerit,
2080 1865 2252 1914 quem,

417 1946 531 1979 cum
576 1931 761 1979 odisset
807 1930 1133 1994 inimicusque
1184 1937 1329 1988 esset,
1367 1930 1733 1993 designandum
1778 1936 1949 1979 tamen
1990 1932 2255 1981 consulem

416 2013 619 2062 curavit.

418 2146 719 2206 Fabricius
760 2145 1045 2204 Luscinus
1089 2164 1301 2222 magna
1342 2146 1526 2222 gloria
1561 2146 1650 2204 vir
1686 2147 2030 2222 magnisque
2069 2148 2253 2209 rebus

334 2244 513 2319 gestis
547 2244 668 2301 fuit.
757 2245 820 2301 P.
852 2243 1158 2301 Cornelius
1197 2243 1444 2301 Rufinus
1483 2261 1658 2301 manu
1693 2242 1936 2318 quidem
1976 2253 2253 2305 strenuus

235 2368 288 2397 20
331 2351 391 2399 et
431 2341 678 2400 bellator
717 2341 907 2399 bonus
953 2340 1333 2415 militarisque
1378 2340 1726 2415 disciplinae
1770 2342 1993 2416 peritus
2036 2341 2250 2401 admo-

334 2439 476 2497 dum
521 2438 645 2510 fuit,
690 2436 796 2497 sed
839 2439 1004 2496 furax
1046 2438 1229 2497 homo
1273 2448 1332 2496 et
1372 2439 1613 2496 avaritia
1654 2438 1774 2495 acri
1816 2447 1955 2497 erat.
2060 2441 2253 2499 Hunc

334 2536 636 2595 Fabricius
682 2553 803 2595 non
851 2535 1143 2611 probabat
1188 2553 1383 2610 neque
1429 2536 1623 2594 amico
1668 2536 1944 2595 utebatur
1989 2554 2252 2613 osusque

334 2652 469 2692 eum
526 2652 756 2691 morum
812 2651 989 2691 causa
1046 2633 1171 2691 fuit.
1255 2633 1373 2692 Sed
1428 2652 1564 2691 cum
1620 2633 1681 2691 in
1735 2634 2104 2708 temporibus
2162 2636 2255 2694 rei

361 2823 377 2837 ·
417 2819 459 2863 3.
493 2805 839 2849 Save‘arentur:
859 2806 869 2825 ⁸
886 2818 1006 2849 were
1023 2803 1232 2861 kissing.’
1398 2816 1465 2861 15.
1498 2804 1668 2861 Rufino
1694 2819 1711 2848 .·
1772 2805 1942 2849 consul
2000 2819 2090 2862 290
2146 2808 2253 2853 and

415 2893 459 2936 7.
491 2878 633 2935 Apud
691 2880 876 2924 Cannas
898 2892 914 2925 .·
973 2879 1054 2923 the
1102 2883 1235 2935 great
1338 2892 1421 2935 277
1453 2886 1558 2931 13.C.‚
1592 2878 1808 2932 dictator,
1841 2880 1928 2934 276
1958 2887 2053 2925 ΒΕ.

331 2954 597 3000 overthrow
651 2953 704 2998 of
749 2954 829 2998 the
890 2954 1106 2998 Romans
1171 2953 1234 3010 by
1393 2965 1465 2999 21.
1495 2953 1661 2997 Fur-ax
1681 2967 1699 2996 .·
1729 2952 1993 3010 ‘thieving‚'
2023 2954 2258 3001 ‘dishon-

331 3028 593 3082 Hannibal,
630 3029 716 3073 216
746 3036 840 3074 B.C.
1336 3027 1437 3073 est.’

417 3104 461 3149 8.
491 3104 649 3147 Anum
675 3118 694 3146 .·
758 3104 768 3123 ⁸
792 3102 945 3160 aged‚’
999 3104 1009 3122 ⁸
1028 3114 1094 3161 *an
1151 3101 1232 3148 old
1393 3112 1464 3145 22.
1497 3099 1703 3156 Osusque
1733 3132 1745 3145 .
1777 3133 1789 3145 .
1820 3133 1833 3146 .
1862 3100 1999 3159 fitit:
2044 3103 2055 3122 ¹
2071 3100 2256 3150 hated.'

330 3177 549 3223 woman.'
1393 3186 1464 3230 23.
1493 3174 1686 3217 Morum
1711 3173 1881 3220 causa:
1915 3176 2008 3218 ‘on
2036 3185 2258 3223 account

394 3262 460 3308 15.
502 3251 550 3296 C.
582 3249 829 3294 Fabricius
848 3262 866 3293 .·
905 3260 986 3293 see
1017 3253 1129 3292 note
1168 3260 1233 3292 on
1334 3246 1388 3292 of
1409 3246 1483 3292 his
1506 3247 1777 3294 character.’

333 3338 380 3382 p.
404 3338 442 3379 1,
465 3324 494 3370 1.
513 3338 557 3380 7.
