2475 3617
456 144 540 189 20
773 126 956 207 FffU‘
1004 126 1252 189 Stories
1277 127 1464 207 from
1511 124 1733 187 Aulus
1783 123 2040 187 Gellius

452 322 747 380 familiaris
787 332 937 394 tuus,
967 322 1067 396 qui
1114 322 1223 379 sibi
1272 322 1599 396 praemium
1644 340 1679 378 a
1723 321 1895 380 nobis
1939 330 2187 395 peteret,
2220 321 2268 378 si
2300 331 2360 379 te

455 420 606 477 clam
637 419 1041 478 interfecisset.
1127 418 1203 477 Id
1228 438 1343 482 nos
1373 420 1712 494 negavimus
1741 418 1909 490 velle,
1933 436 2082 476 neve
2111 419 2192 476 ob
2224 436 2357 476 eam

455 536 580 574 rem
618 517 933 592 quicquam
975 516 1282 574 commodi
1321 527 1682 591 expectaret,
1729 526 1789 574 et
1830 516 2001 574 simul
2028 516 2219 573 visum
2250 526 2355 587 est,

454 624 518 672 ut
547 625 604 672 te
636 614 951 672 certiorem
994 615 1340 685 faceremus,
1385 633 1460 672 ne
1502 614 1647 688 quid
1689 614 1999 685 eiusmodi,
2031 614 2079 671 si
2106 613 2357 671 accidis-

355 739 375 785 5
451 722 557 784 set,
602 723 804 770 nostro
859 712 1109 770 consilio
1165 713 1431 769 civitates
1481 722 1755 786 putarent
1805 711 2042 780 factum,
2089 720 2149 768 et
2193 711 2354 785 quod

456 809 624 868 nobis
669 827 789 867 non
833 810 1029 884 placet
1072 810 1266 884 pretio
1307 818 1406 866 aut
1448 809 1714 884 praemio
1756 818 1856 866 aut
1889 807 2042 867 dolis
2071 824 2356 884 pugnare.
2441 800 2447 824 ⁴

453 908 565 981 Tu,
595 907 705 965 nisi
733 924 924 978 caves,
955 906 1193 965 iacebis.

1085 1236 1204 1292 15.
1259 1239 1349 1304 (N.
1384 1241 1447 1288 A.
1485 1241 1582 1289 111.
1618 1239 1716 1303 ιχ.)

452 1403 577 1465 Quis
617 1409 667 1451 et
708 1402 986 1451 cuiusmodi
1024 1401 1170 1451 fuerit
1205 1402 1291 1465 qui
1331 1402 1384 1449 in
1424 1402 1688 1465 proverbio
1734 1402 1886 1450 fertur
1925 1417 2082 1465 equus
2117 1402 2351 1462 Seianus3

357 1508 411 1538 10
533 1493 583 1534 et
629 1484 786 1549 qualis
832 1484 971 1534 color
1017 1500 1259 1549 equorum
1304 1485 1383 1543 sit,
1419 1485 1502 1549 qui
1540 1485 1827 1549 ‘spadices'
1863 1492 2141 1544 vocantur;
2197 1487 2360 1550 deque

533 1567 673 1616 istius
703 1566 935 1617 vocabuli
969 1568 1175 1616 ratione.

537 1714 752 1774 Gavius
776 1716 987 1772 Bassus
1015 1714 1075 1771 in
1103 1713 1543 1772 commentariis
1573 1714 1707 1787 suis,
1732 1714 1875 1772 item
1906 1714 2085 1773 Iulius
2115 1714 2361 1774 Modes-

455 1818 545 1871 tus
601 1813 662 1870 in
718 1811 981 1870 secundo
1030 1813 1443 1886 quaestionum
1493 1812 1866 1870 confusarum
1922 1812 2229 1871 historiam
2284 1813 2363 1872 de

457 1929 610 1985 equo
674 1910 884 1969 Seiano
941 1909 1179 1968 tradunt
1234 1908 1476 1985 dignam
1532 1910 1820 1968 memoria
1873 1921 2050 1985 atque
2108 1910 2362 1969 admira·

359 2034 406 2080 15
453 2009 649 2066 tione:
697 2009 968 2067 Gnaeum
1003 2007 1200 2066 Seium
1234 2007 1576 2082 quempiam
1613 2007 1864 2066 scribam
1903 2007 2076 2065 fuisse
2108 2027 2365 2083 eumque

455 2105 727 2164 habuisse
773 2123 990 2179 equum
1032 2115 1235 2163 natum
1278 2105 1445 2180 Argis
1495 2105 1556 2162 in
1605 2114 1758 2162 terra
1802 2106 2072 2176 Graecia,
2118 2106 2196 2164 de
2243 2125 2364 2181 quo

457 2204 612 2261 fama
650 2212 925 2260 constans
965 2211 1136 2274 esset,
1176 2211 1478 2276 tamquam
1516 2201 1592 2259 de
1634 2219 1850 2277 genere
1893 2221 2182 2277 equorum
2228 2222 2365 2279 pro-

455 2300 684 2376 genitus
727 2301 894 2372 foret,
930 2299 1031 2374 qui
1074 2299 1386 2358 Diomedis
1425 2300 1671 2357 Thracis
1715 2300 1977 2372 fuissent,
2012 2319 2163 2375 quos
2208 2303 2365 2359 Her-

458 2399 635 2469 culeS,
696 2397 991 2455 Diomede
1048 2397 1269 2468 occi30,
1328 2415 1360 2455 e
1416 2398 1668 2455 Thracia
1724 2401 1912 2474 Argos
1973 2399 2366 2473 perduxisset.

358 2522 413 2553 20
457 2498 612 2553 Eum
652 2513 868 2570 equum
904 2494 1079 2552 fuisse
1118 2495 1324 2552 dicunt
1360 2494 1763 2570 magnitudine
1792 2496 2103 2568 invisitata,
2135 2497 2366 2554 cervice

549 2681 591 2723 7.
623 2667 833 2711 Iacebis:
882 2668 1003 2723 ‘you
1043 2678 1124 2709 are
1166 2678 1195 2710 a
1235 2665 1363 2709 dead
1528 2667 1594 2713 16.
1625 2668 1773 2724 Argis
1795 2681 1812 2714 .·
1873 2669 2047 2724 Argos,
2097 2669 2229 2714 since
2288 2669 2369 2713 the
2441 2701 2442 2704 η

462 2742 603 2787 man.'
1465 2740 1578 2785 time
1599 2741 1654 2786 of
1680 2742 1881 2795 Homer,
1904 2743 2001 2786 had
2023 2744 2146 2787 been
2175 2739 2368 2789 famous

547 2830 590 2873 9.
622 2817 855 2860 Seianus:
942 2814 1228 2871 ‘belonging
1314 2820 1363 2858 to
1465 2815 1537 2860 for
1558 2816 1615 2860 its
1635 2816 1784 2860 breed
1808 2816 1863 2861 of
1887 2817 2067 2863 horses.

462 2891 627 2937 Seius!
1527 2903 1594 2946 17.
1633 2891 1883 2937 Constans:
1917 2892 2266 2938 ‘unanimousl

524 2979 590 3011 12.
631 2966 809 3010 Gavius
852 2965 1063 3009 Bassus:
1102 2976 1132 3007 a
1173 2964 1365 3007 Roman
1527 2967 1594 3010 18.
1625 2965 1870 3009 Diomedis
1894 2966 2125 3011 Thracis:
2144 2967 2235 3011 this
2252 2966 2372 3024 king

461 3040 785 3097 grammarian
810 3038 861 3084 os
885 3040 965 3082 the
986 3040 1238 3095 Augustan
1262 3050 1365 3093 age.
1468 3038 1582 3096 kept
1602 3052 1758 3083 mares
1775 3040 1928 3084 which
1943 3040 2022 3084 fed
2040 3054 2171 3099 upon
2184 3042 2371 3086 human

525 3128 591 3159 12.
624 3115 776 3158 Iul1'us
794 3113 1029 3157 Modestus
1050 3128 1067 3155 .·
1087 3124 1368 3168 agramma-
1468 3113 1615 3165 flesh3
1658 3126 1752 3157 one
1784 3114 1839 3158 of
1865 3115 1944 3158 the
1975 3116 2136 3160 labors
2166 3115 2221 3160 of
2245 3116 2371 3161 Her·

464 3188 565 3232 rian
588 3187 642 3232 of
666 3188 747 3232 the
768 3186 866 3231 first
885 3193 1079 3243 century
1100 3195 1205 3230 A.D.
1471 3188 1599 3232 cules
1620 3200 1717 3232 was
1738 3195 1787 3232 to
1810 3197 2005 3246 capture
2026 3191 2172 3235 them.

528 3276 594 3319 13.
635 3262 941 3319 Confusarum
967 3275 985 3303 .·
1037 3262 1047 3280 ⁸
1074 3258 1371 3303 miscellane-
1528 3275 1598 3306 20.
1629 3262 1878 3306 Invisitata
1892 3275 1910 3309 .·
1926 3266 1935 3282 ⁴
1952 3264 2372 3321 unprecedented.'

470 3337 587 3380 ous!

2434 2875 2443 2938 4
