2475 3617
437 179 618 261 Fg'fty
667 178 916 243 Storz'es
941 180 1128 262 from
1175 180 1396 242 Aulus
1446 179 1701 243 Gellius
1946 193 2029 260 59

1907 310 2026 320 —-

129 385 358 435 vectum
402 394 569 448 esse3
634 386 787 450 post,
830 394 966 432 cum
1016 375 1388 448 adolevisset,
1430 376 1650 433 victum
1703 376 1812 435 sibi
1858 393 2031 452 aegre

128 474 418 550 quaesisse
461 491 714 548 eumque
765 472 1003 531 sordide
1053 473 1343 531 invenisse
1394 474 1811 548 comparandis
1860 475 2030 533 mulis

129 582 189 631 et
240 571 538 643 vehiculis,
589 583 743 646 quae
799 569 1248 645 magistratibuS,
1298 572 1400 646 qui
1457 573 1641 631 sortiti
1699 574 2030 648 provincias

130 670 332 740 forent,
377 667 716 744 praebenda
758 667 994 743 publice
1037 667 1432 726 conduxisset.
1523 672 1594 729 In
1632 672 1745 730 isto
1783 682 2029 747 quaestu

126 777 329 825 notum
380 784 509 825 esse
559 766 826 841 coepisse
880 766 950 824 C.
1000 766 1238 824 Caesari
1294 778 1353 825 et
1398 787 1536 825 cum
1580 787 1653 826 eo
1702 770 2034 844 profectum
2106 796 2126 842 3

128 883 253 923 esse
281 864 342 922 in
371 864 604 923 Gallias.

691 864 864 934 Tum,
894 864 1033 938 quia
1072 864 1132 920 in
1176 883 1248 922 ea
1286 866 1586 941 provincia
1626 867 1764 925 satis
1807 867 2031 925 naviter

126 971 383 1021 versatus
423 971 577 1020 esset
614 971 675 1018 et
715 960 998 1035 deinceps
1037 963 1191 1020 civili
1229 964 1387 1022 bello
1434 963 1714 1022 mandata
1754 964 1866 1023 sibi
1906 965 2028 1040 ple-

126 1078 301 1135 raque
340 1059 564 1135 inpigre
608 1068 668 1116 et
705 1068 937 1117 strenue
976 1059 1228 1132 fecisset,
1259 1079 1380 1119 non
1411 1060 1593 1119 modo
1622 1061 1681 1119 in
1711 1062 2030 1120 amicitiam

126 1157 410 1228 CaesariS‚
461 1155 568 1214 sed
623 1174 696 1213 ex
752 1174 823 1213 ea
879 1157 941 1215 in
994 1158 1420 1233 amplissimum
1470 1177 1708 1235 quoque
1757 1160 2028 1219 ordinem

125 1256 458 1331 pervenisse
482 1277 499 1328 ;
544 1275 682 1314 mox
714 1257 1010 1316 tribunum
1042 1274 1281 1332 quoque
1312 1257 1471 1331 plebi
1505 1275 1575 1314 ac
1610 1256 1831 1315 deinde
1865 1276 2032 1333 prae·
2079 1285 2132 1315 10

124 1363 314 1412 torem
365 1363 628 1411 creatum
677 1364 855 1430 atque
902 1355 961 1412 in
1014 1372 1087 1412 eo
1137 1363 1407 1428 ternpore
1454 1353 1776 1412 iudicatum
1826 1373 1953 1413 esse
1997 1374 2033 1413 a

123 1460 329 1509 senatu
372 1449 603 1510 hostem
648 1471 785 1509 cuin
829 1454 914 1510 M.
951 1452 1213 1510 Antonio
1233 1473 1252 1523 3
1303 1461 1437 1526 post
1473 1470 1612 1510 vero
1650 1453 2030 1511 coniunctum

122 1548 384 1623 patribus
441 1567 562 1607 non
619 1550 919 1624 pristinam
973 1559 1200 1608 tantum
1255 1550 1598 1624 dignitatem
1651 1551 2030 1626 reciperasse,

122 1644 230 1704 sed
265 1645 675 1720 pontificatum
709 1666 779 1705 ac
817 1646 1037 1704 deinde
1070 1646 1440 1705 consulatum
1476 1666 1711 1723 quoque
1748 1648 2030 1723 adeptum

121 1761 271 1814 esse,
338 1762 589 1819 eamque
659 1762 785 1803 rem
854 1754 976 1802 tam
1041 1744 1420 1803 intoleranter
1487 1744 1684 1804 tulisse
1751 1746 2037 1821 populum
2083 1772 2129 1819 15

121 1844 483 1915 Romanum,
530 1843 632 1918 qui
673 1841 1015 1900 Ventidium
1067 1844 1311 1900 Bassum
1364 1843 1711 1900 meminerat
1762 1842 2032 1901 curandis

122 1940 296 1998 mulis
338 1940 653 2013 victitasse,
698 1949 763 1998 ut
806 1939 981 2015 vulgo
1037 1957 1146 2014 per
1188 1940 1311 1997 vias
1366 1939 1526 1998 urbis
1576 1940 1842 1998 versiculi
1898 1959 2031 2016 pro-

119 2037 514 2097 scriberentur
535 2060 548 2096 ε

367 2160 715 2219 Concurrite
758 2178 963 2218 omnes
1004 2177 1271 2234 augureS,
1306 2158 1683 2235 haruspices!

369 2260 710 2317 Portentum
754 2258 1088 2315 inusitatum
1133 2257 1455 2314 conflatum
1498 2267 1587 2315 est
1628 2276 1871 2317 recens:
2081 2286 2135 2317 20

370 2356 527 2412 Nam
570 2356 755 2413 mulas
795 2355 897 2430 qui
940 2354 1202 2426 fricabat,
1241 2355 1446 2412 consul
1488 2354 1675 2413 factus
1718 2365 1824 2414 est.

205 2493 483 2553 Eundem
540 2496 783 2553 Bassum
840 2494 1149 2553 Suetonius
1202 2494 1576 2569 Tranquillus
1630 2497 2032 2570 praepositum

214 2679 253 2712 1.
299 2667 478 2711 Ve'ctum
539 2700 552 2712 .
612 2700 624 2712 .
686 2700 698 2712 .

121 2743 131 2760 ⁸
145 2740 328 2797 gained
350 2753 380 2784 a
402 2748 566 2798 scanty
588 2740 758 2798 living·

209 2828 252 2861 2.
286 2815 487 2859 Sordae‘de
505 2828 522 2861 .·
558 2818 568 2835 ‘
584 2816 630 2859 in
654 2829 683 2858 a
704 2816 839 2873 lowly
858 2815 988 2873 way!

759 2668 987 2724 quaesisse
1010 2681 1028 2709 .·

206 2904 253 2946 4.
283 2890 558 2934 praebenda
592 2891 780 2947 publice
825 2890 1028 2934 condux·

121 2965 263 3010 isset:
298 2966 308 2984 ⁸
324 2964 385 3008 he
407 2963 506 3008 had
528 2965 802 3009 contracted
821 2964 929 3008 with
946 2965 1025 3008 the

120 3043 242 3082 state
263 3044 313 3083 to
336 3038 535 3095 supply.⁰

205 3124 250 3170 5.
289 3113 337 3158 C.
379 3113 602 3159 Caesari:
649 3113 804 3173 Julius
846 3113 1027 3159 Caesar

119 3186 239 3231 took
263 3187 527 3232 command
549 3186 602 3231 of
628 3188 750 3232 Gaul
773 3190 829 3244 58
851 3196 942 3234 B.C.

206 3262 250 3307 6.
280 3262 519 3308 Naviter:
554 3262 841 3318 ‘zealously.'

181 3344 251 3378 10.
282 3333 417 3378 Plebi
434 3345 452 3379 .·
475 3332 667 3378 archaic
686 3333 904 3390 genitive,
926 3333 1023 3378 fifth

120 3406 418 3453 declension.

1191 2678 1258 2710 10.
1289 2667 1569 2710 Praetorum
1650 2671 1858 2711 creatum
1880 2681 1898 2714 .·
1984 2669 2032 2712 in

1130 2748 1223 2785 B.C.
1247 2754 1330 2797 433
1364 2741 1413 2784 in
1436 2742 1515 2785 the
1546 2754 1680 2786 same
1711 2754 1824 2798 year
1854 2742 1915 2787 he
1937 2756 2033 2787 was

1129 2814 1291 2863 consul
1305 2816 1535 2872 suffectus.

1190 2901 1258 2945 17.
1305 2889 1543 2934 Victitasse
1560 2903 1578 2936 .·
1612 2893 1622 2912 ⁴
1640 2891 1737 2934 had
1764 2891 2030 2946 subsisted‚'

1127 2964 1137 2981 ⁴
1153 2962 1252 3006 had
1273 2965 1537 3020 supported
1558 2964 1773 3011 himself!

1185 3051 1256 3083 20.
1295 3039 1656 3098 Conslatum
1677 3052 1695 3086 .·
1748 3039 1860 3083 ‘has
1904 3040 2029 3085 been

1126 3112 1334 3168 brought
1364 3120 1413 3157 to
1445 3114 1585 3170 pass!

1185 3199 1256 3232 21.
1277 3188 1520 3234 Fricabat:
1543 3189 1678 3233 ‘used
1692 3194 1740 3233 to
1754 3189 1843 3232 rub
1858 3189 2026 3234 down.'

1187 3273 1257 3306 22.
1286 3262 1531 3305 Suetonius
1573 3262 1876 3319 Tranquillus
1890 3275 1907 3308 .·
1946 3262 2026 3306 the

1126 3335 1417 3393 biographer
1439 3336 1493 3380 of
1518 3336 1596 3380 the
1621 3337 1782 3380 twelve
1806 3337 2025 3383 Caesars.

1183 3422 1256 3455 22.
1286 3411 1618 3467 Praepositum,
1642 3418 1756 3455 etc.:
1789 3410 1835 3453 in
1857 3423 1915 3466 39
1933 3418 2024 3456 B.C.
