2475 3617
437 160 619 243 Fifty
668 162 917 225 Storz'es
942 162 1133 243 from
1179 161 1399 224 Aulus
1450 161 1705 225 Gellius

1765 121 1802 150 *x

208 360 343 433 Ipse
382 358 561 415 etiam
597 358 1053 430 DemostheneS,
1082 369 1146 415 ut
1173 356 1335 416 idem
1365 358 1656 417 Critolaus
1684 359 1877 430 refert,
1908 377 2029 417 non

127 454 188 513 id
224 465 433 530 postea
465 456 810 528 concelavit,
841 456 984 531 quin
1016 456 1234 531 gloriae
1269 473 1507 531 quoque
1542 456 1658 514 hoc
1693 456 1805 514 sibi
1838 455 2028 532 adsig-

127 554 301 612 navit.

386 554 545 612 Nam
600 572 738 611 cum
792 553 1206 629 interrogasset
1254 553 1714 626 Aristodemum,
1765 564 2028 612 actorem

129 650 470 724 fabularum,
512 661 798 725 quantum
842 649 1150 722 mercediS,
1194 651 1277 709 uti
1321 661 1541 726 ageret,
1581 651 1926 726 accepisset,
1967 661 2028 709 et

126 748 531 807 Aristodemus
556 752 571 779 ‘
588 749 903 807 talentum'
928 747 1348 824 respondisset,
1372 753 1388 780 ‘
1405 751 1484 808 At
1513 766 1626 825 ego
1654 749 1817 824 plus’
1848 749 2038 824 inquit
2106 774 2127 820 5

128 850 144 878 ‘
163 846 391 921 accepi,
425 856 490 904 ut
528 848 826 904 tacerem.'

740 1024 864 1080 38.
916 1027 1009 1091 (N.
1042 1028 1105 1076 A.
1141 1027 1235 1075 XI.
1271 1025 1415 1089 mv.)

172 1160 350 1210 Sobria
384 1167 434 1208 et
468 1159 801 1224 pulcherrima
836 1159 1038 1209 Romuli
1072 1160 1204 1223 regis
1237 1160 1499 1224 responsio
1534 1160 1665 1209 circa
1697 1160 1800 1209 vini
1835 1176 1994 1210 usum.

209 1285 651 1361 Simplicissima
708 1286 988 1344 suavitate
1048 1296 1108 1343 et
1165 1286 1250 1344 rei
1312 1296 1371 1343 et
1433 1285 1712 1345 orationis
1770 1288 1835 1345 L.
1895 1287 2032 1346 Piso

125 1384 305 1460 Frugi
353 1403 490 1442 usus
540 1394 630 1442 est
678 1384 738 1442 in
786 1384 978 1459 primo
1027 1384 1242 1456 annali,
1287 1402 1424 1441 cum
1470 1384 1546 1442 de
1597 1384 1836 1442 Romuli
1885 1385 2035 1459 regis
2081 1410 2133 1442 10

122 1483 247 1540 vita
284 1492 463 1557 atque
494 1482 653 1539 victu
687 1481 986 1540 scriberet.

1072 1483 1161 1539 Ea
1187 1482 1385 1553 verba,
1414 1500 1567 1557 quae
1601 1482 1852 1557 scripsit,
1883 1483 2032 1540 haec

123 1589 297 1638 sunt:
366 1578 642 1638 Eundem
698 1579 1018 1637 Romulum
1076 1579 1302 1651 dicunt,
1351 1579 1428 1638 ad
1478 1597 1686 1637 cenam
1737 1589 2031 1652 vocatum,

122 1677 209 1736 ibi
247 1695 368 1734 non
406 1677 655 1735 multum
693 1677 928 1749 bibisse,
957 1677 1098 1753 quia
1123 1676 1406 1752 postridie
1437 1678 1739 1753 negotium
1769 1677 2031 1737 haberet.

124 1775 203 1834 Ei
255 1773 497 1832 dicunt:
559 1778 574 1805 ‘
598 1775 872 1846 Romule,
919 1775 967 1833 si
1015 1773 1172 1833 istud
1221 1793 1429 1833 omnes
1477 1774 1745 1833 homines
1797 1775 2031 1848 faciant,

120 1873 329 1931 vinum
369 1872 539 1930 vilius
584 1872 695 1931 sit.’

121 1971 174 2029 si
203 1980 490 2045 quantum
524 1970 770 2045 quisque
803 1970 963 2029 volet
995 1969 1198 2042 bibat3
1241 1988 1380 2027 nam
1423 1988 1535 2045 ego
1577 1970 1718 2042 bibi,
1749 1980 2032 2046 quantum

118 2068 321 2127 volui.'

741 2195 867 2252 39.
922 2197 1013 2265 (Ν.
1047 2200 1108 2248 Α.
1144 2199 1267 2247 ΧΠ.
1304 2198 1424 2262 vn.)

121 2333 296 2397 Quam
334 2332 400 2382 ob
442 2347 644 2381 causam
677 2331 769 2381 Cn.
805 2331 1072 2380 Dolabella
1112 2331 1382 2395 proconsul
1422 2347 1558 2380 ream
1598 2331 1857 2381 mulierem
1885 2346 2038 2379 vene-

209 2415 312 2464 ficii
346 2415 770 2479 confitentemque
805 2415 870 2463 ad
905 2415 1223 2479 Ariopagitas
1258 2416 1499 2463 reiecerit.

171 2506 306 2599 ‘Ad
373 2542 486 2599 Cn.
555 2540 946 2612 Dolabellam,
1017 2541 1419 2616 proconsulari
1481 2540 1732 2615 imperio
1802 2540 2035 2615 provin-

124 2638 286 2696 ciam
328 2639 530 2697 Asiam
575 2639 964 2710 obtinentem,
1008 2638 1268 2697 deducta
1314 2638 1520 2696 mulier
1565 2639 1884 2714 Smyrnaea
1929 2647 2035 2695 est.

187 2823 230 2856 2.
268 2810 397 2867 Quin
427 2843 439 2856 .
468 2844 480 2856 .
509 2844 521 2855 .
550 2810 856 2868 adszgrnavit:

125 2884 190 2929 he
213 2898 335 2929 even
358 2885 502 2929 made
525 2897 555 2927 a
573 2885 713 2928 boast
734 2883 788 2928 of
812 2884 872 2929 it:

186 2970 230 3017 5.
262 2960 621 3005 Aristodemus:
661 2972 691 3002 a
720 2959 869 3015 tragic
901 2965 1035 3003 actor

127 3034 185 3078 of
207 3035 414 3090 Athens,
447 3048 478 3079 a
507 3034 702 3079 favorite
732 3034 843 3078 with
878 3033 1034 3091 Philip

128 3106 185 3152 of
210 3109 476 3154 Macedon.

185 3197 230 3239 9.
262 3184 318 3229 L.
360 3184 472 3228 Piso
522 3184 678 3241 Frugi
694 3196 711 3229 .·
763 3196 793 3226 a
845 3184 1035 3227 Roman

127 3259 352 3313 annalist,
394 3258 558 3303 consul
607 3257 657 3301 in
703 3269 785 3315 133
836 3266 951 3310 B.C.;
1006 3270 1036 3300 a

128 3333 360 3390 vigorous
402 3338 650 3391 opponent
693 3331 748 3377 of
790 3332 846 3377 C.
889 3332 1036 3377 Grac-

128 3406 269 3456 chus.

897 2812 906 2831 ⁸
926 2823 1031 2867 nay.

1195 2822 1263 2855 10.
1294 2810 1351 2853 ln
1382 2809 1543 2868 primo
1583 2809 1786 2855 annali:
1839 2812 1848 2829 ⁶
1869 2809 1915 2853 in
1957 2809 2037 2852 the

1134 2883 1231 2928 first
1252 2883 1384 2928 book
1406 2882 1461 2927 of
1485 2883 1559 2927 his
1580 2883 1779 2928 annals.'

1197 2970 1264 3016 15.
1311 2958 1491 3004 Vilius:
1525 2958 1787 3015 ‘cheaper.'

1197 3044 1265 3090 15.
1296 3033 1475 3078 Immo:
1513 3034 1599 3076 ‘on
1625 3032 1705 3076 the
1728 3031 1980 3089 contrary.’

1199 3119 1267 3164 19.
1308 3108 1387 3151 Cn.
1448 3107 1699 3151 Dolabella
1723 3119 1740 3152 .·
1778 3106 1840 3149 he
1872 3117 2039 3149 means

1141 3182 1191 3226 P.
1211 3181 1477 3233 Dolabella,
1494 3181 1761 3225 son-in-law
1783 3179 1837 3224 of
1852 3179 2039 3232 Cicero,

1138 3258 1305 3300 consul
1338 3256 1383 3299 in
1416 3270 1474 3312 44
1505 3263 1610 3306 ΒΕ..
1635 3255 1778 3298 made
1802 3267 2039 3310 governor

1138 3331 1192 3375 of
1208 3330 1344 3387 Syria
1365 3330 1426 3385 by
1450 3328 1592 3373 Mark
1615 3330 1807 3385 Antony
1824 3327 1939 3371 after
1960 3327 2038 3370 the

1137 3404 1334 3450 murder
1355 3402 1409 3448 of
1425 3402 1618 3449 Caesar.

2237 121 2252 136 'k

1983 137 1990 146 ¹
2085 143 2092 152 r
2129 139 2206 160 .;ι,
2333 145 2348 154 v.

1815 155 1980 237 ’κς-,ζ’
2033 167 2069 182 ιι
2111 159 2154 182 ἴλη
2269 173 2292 184 κ

781 1872 898 1930 His
945 1871 1288 1947 respondit:
1342 1874 1575 1930 ‘Immo
1622 1890 1763 1930 vero
1812 1890 2035 1944 carum,
2083 1898 2129 1945 ¹5

2080 2434 2138 2467 20
