2475 3617
530 165 715 248 Fg'fty
764 165 1010 228 Stories
1035 166 1223 246 from
1271 165 1491 228 Aulus
1542 166 1802 229 Gellius
2085 182 2124 247 7

210 371 506 420 secretum
562 362 647 419 rei
703 371 765 420 et
820 361 1113 419 silentium
1175 361 1345 436 pueri
1406 362 1666 419 animum
1724 363 1849 421 eius
1902 362 1980 420 ad
2037 363 2122 421 in-

210 460 568 535 quirendum
624 459 963 518 everberat:
1036 460 1266 534 quaerit
1322 459 1496 535 igitur
1550 460 1944 536 compressius
1998 461 2121 519 vio-

212 557 562 632 lentiusque.
635 558 790 614 Tum
826 574 974 631 puer
1007 567 1192 615 matre
1225 568 1471 632 urgente
1507 556 1691 632 lepidi
1726 568 1903 634 atque
1934 559 2124 618 festivi

214 654 514 713 mendacii
544 654 853 712 consilium
890 654 1064 729 capit.
1151 657 1366 713 Actum
1401 655 1460 712 in
1497 665 1702 712 senatu
1733 655 1897 727 dixit,
1928 666 2122 714 utrum

213 752 511 811 videretur
560 753 754 810 utilius
806 769 995 826 exque
1048 752 1352 826 republica
1400 770 1546 823 esse,
1591 771 1816 811 unusne
1869 764 1932 812 ut
1982 753 2127 811 duas
2199 780 2220 828 S

212 868 427 908 uxores
462 850 726 920 haberet,
757 867 834 907 an
865 859 931 906 ut
970 867 1087 906 una
1120 848 1279 924 apud
1315 850 1467 908 duos
1502 860 1687 925 nupta
1722 861 1893 909 esset.
1980 853 2120 910 Hoc

212 949 312 1006 illa
364 948 467 1005 ubi
522 948 763 1019 audivit,
821 947 1050 1004 animus
1106 949 1525 1023 compavescit,
1582 948 1765 1008 domo
1822 948 2123 1025 trepidans

214 1046 530 1121 egreditur,
560 1045 637 1102 ad
667 1055 895 1103 ceteras
926 1055 1222 1103 matronas
1251 1045 1460 1103 adfert.
1549 1047 1817 1104 Pervenit
1846 1046 1922 1104 ad
1954 1065 2118 1105 sena-

213 1154 341 1201 tum
399 1143 683 1218 postridie
744 1154 994 1201 matrum
1059 1143 1305 1201 familias
1362 1153 1612 1202 caterva.
1723 1146 2122 1203 Lacrimantes

215 1251 393 1316 atque
444 1241 821 1299 obsecrantes
877 1251 1062 1312 orant,
1109 1259 1225 1298 una
1282 1241 1475 1315 potius
1531 1252 1596 1299 ut
1652 1243 1883 1300 duobus
1941 1253 2126 1317 nupta
2171 1269 2224 1300 ιο

214 1340 384 1397 fieret
438 1356 617 1413 quam
677 1349 741 1396 ut
802 1338 903 1396 uni
966 1338 1138 1396 duae.
1245 1340 1553 1398 Senatores
1611 1339 2006 1415 ingredientes
2060 1341 2123 1398 in

215 1436 460 1508 curiam,
518 1454 671 1510 quae
727 1436 824 1493 illa
880 1437 1189 1494 mulierum
1254 1437 1633 1511 intemperies
1690 1448 1750 1495 et
1808 1437 1949 1512 quid
2013 1438 2124 1497 sibi

216 1535 535 1609 postulatio
590 1535 772 1592 istaec
826 1534 1020 1605 vellet,
1073 1534 1448 1593 mirabantur.
1537 1536 1688 1592 Puer
1746 1536 2007 1610 Papirius
2063 1536 2123 1594 in

216 1632 483 1691 medium
525 1632 720 1690 curiae
763 1650 1120 1707 progressus,
1152 1632 1298 1707 quid
1344 1642 1528 1690 mater
1564 1632 1763 1690 audire
1801 1634 2120 1704 institisset,

214 1729 362 1805 quid
422 1731 547 1805 ipse
613 1730 783 1787 matri
840 1728 1100 1800 dixisset,
1159 1748 1303 1802 rem,
1363 1731 1512 1788 sicut
1569 1731 1773 1802 fuerat,
1831 1731 2121 1789 denarrat.
2172 1757 2219 1805 15

215 1828 463 1886 Senatus
512 1826 694 1885 fidem
745 1838 922 1904 atque
972 1828 1273 1903 ingenium
1324 1828 1490 1903 pueri
1543 1829 1928 1900 exosculatur,
1979 1847 2119 1887 con·

215 1926 434 1984 sultum
478 1925 635 1997 facit,
664 1926 762 2004 ‘uti
804 1925 1053 2001 posthac
1101 1926 1269 2001 pueri
1312 1944 1446 1983 cum
1492 1927 1753 2000 patribus
1794 1927 1857 1983 in
1899 1927 2122 1984 curiam

215 2041 294 2081 ne
351 2023 663 2094 introeant,
719 2033 953 2098 praeter
1008 2023 1102 2080 ille
1159 2042 1308 2081 unus
1366 2024 1645 2098 Papirius,
1704 2034 1879 2098 atque
1937 2042 2122 2098 puero

214 2130 429 2197 postea
476 2130 936 2196 cognomentum
987 2120 1225 2178 honoris
1274 2122 1460 2196 gratia
1509 2120 1761 2179 inditum
1811 2126 1826 2152 ‘
1849 2124 2119 2180 Praetex-

215 2228 372 2276 tatus
394 2219 406 2243 ’
438 2218 516 2277 ob
558 2217 798 2276 tacendi
840 2217 1239 2294 loquendique
1281 2219 1339 2276 in
1378 2228 1573 2277 aetate
1609 2228 1947 2294 praetextae
1987 2238 2120 2295 pru·
2168 2247 2223 2277 20

213 2315 504 2374 dentiam.

305 2501 346 2532 2.
379 2487 644 2531 Everberat
658 2502 676 2531 :
706 2489 716 2507 ⁸
735 2487 1026 2533 stimulates!
1284 2488 1350 2532 16.
1384 2488 1732 2534 Exosculatur:
1762 2490 1772 2509 ⁴
1791 2488 1971 2546 praises
1987 2489 2124 2547 high·

305 2575 348 2620 3.
382 2561 548 2618 Lepidi
563 2566 702 2619 atque
710 2563 880 2619 festivi
896 2578 913 2606 .·
939 2564 949 2583 ⁶
965 2563 1122 2607 elever
1221 2562 1293 2619 ly!

211 2638 315 2681 and
336 2636 489 2693 witty.'
1283 2637 1352 2682 16.
1389 2637 1687 2685 consultum:
1721 2639 1777 2680 ‘a
1796 2638 1995 2684 deeree:

305 2713 348 2756 8.
380 2711 557 2770 Adfert
573 2726 591 2755 .·
619 2714 629 2730 ⁴
645 2712 857 2768 reports.'
1285 2714 1351 2757 18.
1383 2713 1614 2756 Praeter:
1644 2713 1838 2758 adverb.

276 2798 347 2832 12.
379 2786 485 2830 Sibi
516 2819 527 2831 .
559 2818 571 2831 .
602 2819 613 2831 .
643 2786 817 2830 vellet:
846 2786 1060 2832 ‘meant.'
1286 2799 1353 2842 19.
1387 2787 1594 2831 luditum
1613 2802 1630 2831 .·
1669 2785 1972 2841 ‘conferred‚’
2014 2789 2124 2832 ‘be-

277 2872 346 2918 15.
378 2860 530 2906 Rem:
563 2860 830 2916 appositive
852 2865 900 2904 to
922 2859 1001 2903 the
1029 2865 1121 2903 two
1223 2859 1431 2906 stowed:

211 2935 336 2993 quid
353 2934 556 2979 clauses.
