2475 3617
532 125 716 206 szty
766 124 1015 188 Storz'es
1041 127 1228 206 from
1278 125 1497 187 Aulus
1548 123 1800 187 Gellius
2040 142 2075 186 2
2083 124 2125 204 3'

214 323 629 382 Callistratum.
715 322 773 379 Is
812 320 1172 379 Callistratus
1206 322 1454 380 Athenis
1493 331 1689 380 orator
1721 322 1782 379 in
1820 322 2123 397 republica

213 421 339 493 fuit,
371 438 523 495 quos
552 419 634 477 illi
663 417 1081 496 ’δημαγωγοὺς’
1114 418 1431 493 appellant.
1516 420 1721 477 Visum
1758 429 1846 477 est
1881 420 2120 495 paulum

211 519 520 577 devertere
563 516 953 591 experirique,
987 534 1062 572 an
1105 515 1285 591 digna
1324 516 1549 575 auditio
1592 527 1755 575 tanto
1798 535 2119 593 properan-

213 616 361 673 tium
405 614 601 674 studio
645 614 813 671 foret.
896 613 1102 671 Venit'
1138 614 1329 688 inquit
1368 619 1574 689 ‘atque
1617 615 1782 673 audit
1824 617 2117 675 Callistra-

212 724 359 786 tum,
415 713 676 771 nobilem
734 711 891 769 illam
948 712 1052 787 τὴν
1104 712 1230 787 περὶ
1285 710 1539 788 Ὠρωποῦ
1595 711 1752 790 δίκην
1803 714 2122 787 dicentem,
2196 742 2216 789 5

209 821 393 887 atque
436 812 520 868 ita
562 820 756 868 motus
798 819 858 867 et
899 809 1193 867 demultus
1235 820 1299 867 et
1338 820 1546 885 captus
1590 821 1695 883 est,
1725 821 1789 869 ut
1827 812 2116 870 Callistra-

210 919 336 967 tum
377 909 495 965 iam
533 908 674 966 inde
713 907 925 966 sectari
958 907 1242 982 coeperit,
1272 907 1657 965 Academiam
1697 926 1834 966 cum
1874 909 2116 967 Platone

208 1006 524 1080 reliquerit.
535 1006 547 1031 '

841 1314 961 1370 1¹7.
1014 1317 1106 1382 (N.
1142 1319 1204 1366 A.
1241 1318 1339 1366 111.
1376 1317 1489 1382 xv.)

206 1481 393 1530 Extare
433 1480 488 1528 in
529 1478 703 1529 litteris
739 1495 927 1544 perque
972 1479 1232 1528 hominum
1274 1480 1539 1529 memorias
1580 1480 1830 1541 traditum,
1872 1483 2007 1546 quod
2048 1500 2122 1532 re·
2167 1503 2221 1537 10

291 1570 444 1627 pente
486 1562 653 1611 multis
694 1570 905 1611 mortem
943 1563 1106 1611 attulit
1145 1563 1384 1625 gaudium
1420 1563 1598 1625 ingens
1633 1564 1936 1628 insperatum
1970 1566 2121 1615 inter-

292 1646 431 1695 clusa
465 1646 633 1694 anima
668 1652 717 1694 et
750 1646 850 1693 vim
884 1646 1054 1708 magni
1089 1646 1304 1711 novique
1339 1654 1502 1697 motus
1537 1663 1640 1694 non
1675 1648 1965 1696 sustinente.

290 1794 549 1869 Cognito
606 1802 850 1868 repente
905 1792 1205 1867 insperato
1256 1792 1473 1867 gaudio
1521 1794 1813 1869 expirasse
1860 1796 2118 1854 animam

201 1892 387 1950 refert
423 1891 767 1949 Aristoteles
810 1889 1196 1965 philosophus
1241 1891 1614 1965 Polycritam,
1645 1892 1905 1951 nobilem
1950 1894 2116 1953 femi-

200 2009 349 2047 nam
404 1990 577 2047 Naxo
633 1988 835 2046 insula.
939 1988 1304 2063 Philippides
1361 2007 1617 2065 quoque,
1676 1991 2116 2049 comoediarum
2167 2019 2214 2065 15

199 2097 391 2164 poeta
428 2086 569 2143 haut
608 2086 898 2161 ignobilis,
928 2095 1121 2144 aetate
1159 2087 1276 2143 iam
1318 2085 1494 2158 edita,
1525 2106 1660 2144 cum
1696 2088 1756 2145 in
1795 2091 2116 2148 certamine

199 2195 520 2261 poetarum
564 2194 798 2259 praeter
842 2201 1010 2258 spem
1055 2184 1291 2242 vicisset
1337 2194 1396 2242 et
1445 2185 1760 2243 laetissime
1808 2186 2111 2261 gauderet,

199 2285 365 2341 inter
418 2280 562 2339 illud
620 2280 898 2356 gaudium
956 2292 1202 2357 repente
1261 2292 1523 2340 mortuus
1581 2293 1685 2341 est.
1774 2285 1865 2341 De
1916 2285 2116 2345 Rodio

203 2381 391 2440 etiam
442 2381 699 2455 Diagora
747 2382 1046 2440 celebrata
1093 2381 1333 2440 historia
1382 2391 1488 2439 est.
1576 2383 1633 2439 Is
1686 2382 1971 2457 Diagoras
2015 2385 2114 2442 tris

201 2481 360 2538 filios
395 2479 802 2538 adulescentes
831 2479 1049 2552 habuit,
1076 2498 1257 2537 unum
1288 2480 1565 2555 pugilem,
1598 2480 1843 2537 alterum
1872 2497 2116 2555 pancra-
2161 2510 2217 2541 20

201 2580 440 2650 tiasten,
497 2578 733 2636 tertium
789 2577 1155 2636 luctatorem.
1259 2579 1380 2635 Eos
1435 2578 1625 2635 omnis
1678 2576 1826 2636 vidit
1880 2578 2114 2637 vincere

295 2761 339 2807 5.
370 2749 587 2798 Ὠρωποῡ;
633 2749 839 2806 Oropus,
871 2762 902 2794 a
935 2750 1114 2794 border
1217 2750 1336 2794 New
1379 2749 1598 2807 Comedy
1640 2756 1689 2793 at
1726 2749 1924 2804 Athens,
1966 2751 2114 2795 about

200 2833 352 2880 town,
375 2837 474 2868 was
494 2824 610 2881 long
638 2837 699 2868 an
732 2824 892 2881 object
920 2823 976 2868 of
998 2838 1112 2868 con·
1212 2838 1302 2882 300
1322 2832 1415 2870 B.C.

198 2899 390 2945 tention
412 2900 622 2943 between
638 2899 716 2943 the
729 2898 995 2943 Athenians
1013 2900 1110 2943 and
1275 2900 1341 2944 16.
1372 2899 1558 2943 Edita:
1587 2901 1597 2919 '
1612 2899 1890 2945 advanced.’

199 2973 485 3021 Boeotians.
526 2973 644 3018 This
658 2972 835 3030 speech
851 2986 947 3018 was
964 2973 1108 3018 deliv·
1270 2987 1340 3019 20.
1369 2974 1587 3031 Pugilem
1652 2977 1662 2994 ¹
1680 2988 1710 3017 a
1729 2974 1904 3020 boxer.’

196 3049 325 3095 ered
347 3049 396 3092 in
416 3049 504 3106 366
528 3056 620 3093 B.C.
1269 3062 1339 3093 20.
1370 3049 1726 3092 Pancratiasten
1749 3062 1767 3094 :
1819 3051 1829 3069 ⁸
1854 3049 1914 3093 all
1955 3049 2110 3094 round

293 3124 337 3169 6.
369 3122 650 3167 Demultus:
679 3122 908 3168 ‘me-hed!
1210 3122 1413 3176 athlete,'
1445 3122 1524 3166 the
1545 3123 1848 3180 pancratium
1883 3122 2112 3168 included

264 3211 337 3243 12.
383 3198 485 3242 Vim
501 3210 518 3243 :
551 3197 657 3241 ‘the
678 3196 857 3241 shock.⁸
1210 3197 1327 3241 both
1349 3197 1587 3252 wrestling
1608 3198 1705 3241 and
1726 3198 1922 3254 boxing.

263 3284 337 3329 15.
368 3273 551 3317 Naxo:
580 3271 782 3316 ablative
803 3271 858 3316 of
882 3270 1051 3329 origin.
1271 3284 1340 3316 21.
1371 3272 1665 3315 Luctatorem
1687 3285 1705 3314 .·
1736 3273 1792 3313 ‘a
1812 3272 2050 3317 wrestler.'

261 3358 336 3405 15.
367 3345 694 3404 Philippides:
736 3358 767 3389 a
796 3352 908 3404 poet
940 3345 994 3391 of
1028 3345 1108 3390 the
