2475 3617
470 171 652 254 Fzfly
700 171 953 235 Stories
978 172 1165 254 from
1212 170 1435 266 Aulus
1484 170 1740 234 Gellius
1969 185 2049 250 45

150 369 433 426 auxilium
464 368 1118 443 propugnationemque
1161 368 1324 425 corvi
1366 367 1535 438 alitis,
1566 367 1707 425 haut
1747 368 2058 442 quisquam

151 474 243 525 est
264 465 554 525 nobilium
577 466 951 541 scriptorum,
973 466 1074 541 qui
1097 483 1266 524 secus
1289 464 1522 523 dixerit.
1588 466 1678 523 Ea
1705 483 1796 523 res
1825 483 2060 540 prorsus

152 563 426 622 miranda
467 564 551 622 sic
594 564 863 639 profecto
907 573 995 622 est
1036 563 1098 621 in
1139 563 1299 622 libris
1341 563 1646 622 annalibus
1695 573 2055 622 memorata:

150 660 524 720 Adulescens
565 662 667 720 tali
709 679 926 735 genere
970 661 1184 733 editus,
1215 662 1281 719 L.
1328 661 1525 733 Furio,
1568 660 1821 720 Claudio
1863 661 2060 736 Appio

149 758 496 818 consulibus
539 759 605 817 fit
649 760 915 818 tribunus
957 759 1239 817 militaris,
1341 761 1535 833 Atque
1579 759 1639 816 in
1681 776 1754 816 eo
1798 769 2065 833 tempore
2136 784 2157 832 5

149 858 368 932 copiae
398 857 705 916 Gallorum
740 857 1010 933 ingentes
1051 875 1254 932 agrum
1300 857 1680 932 Pomptinum
1723 855 2062 915 insederant

148 955 713 1030 instruebanturque
750 955 906 1012 acies
948 973 984 1011 a
1024 954 1365 1013 consulibus
1394 952 1470 1012 de
1500 954 1557 1011 vi
1586 972 1657 1010 ac
1688 953 2061 1011 multitudine

149 1052 416 1111 hostium
444 1052 583 1111 satis
611 1052 938 1128 agentibuS.
1024 1053 1161 1110 Dux
1188 1052 1417 1110 interea
1445 1052 1770 1123 Gallorum,
1799 1061 1963 1109 vasta
2003 1061 2063 1110 et

147 1149 338 1207 ardua
368 1150 729 1225 proceritate
755 1151 1051 1225 armisque
1089 1168 1230 1208 auro
1275 1149 1793 1225 praefulgentibuS,
1823 1148 2065 1225 grandia

148 1247 497 1323 ingrediens
528 1257 588 1306 et
617 1265 793 1305 manu
837 1247 1017 1305 telum
1064 1248 1440 1322 reciprocans
1483 1246 1800 1304 incedebat
1844 1264 2067 1321 perque
2114 1273 2166 1304 ιο

148 1354 572 1420 contemptum
614 1354 675 1403 et
717 1344 1053 1420 superbiam
1084 1345 1569 1420 circumspiciens
1612 1342 2088 1418 despiciensque·

148 1443 375 1514 omnia,
404 1443 604 1501 venire
648 1443 811 1501 iubet
856 1453 916 1501 et
958 1443 1261 1518 congredi,
1292 1443 1341 1500 si
1384 1442 1513 1516 quis
1556 1459 1817 1516 pugnare
1861 1459 2064 1499 secum

153 1559 233 1599 ex
261 1540 424 1599 omni
455 1542 733 1598 Romano
764 1541 1022 1599 exercitu
1053 1539 1318 1599 auderet.
1400 1541 1554 1596 Tum
1584 1539 1851 1597 Valerius
1892 1539 2080 1598 tribu-

151 1656 286 1709 nuS,
311 1637 521 1696 ceteris
547 1638 699 1696 inter
721 1649 945 1695 metum
974 1637 1385 1713 pudoremque
1416 1636 1723 1712 ambiguis,
1751 1637 2066 1712 impetrato

150 1736 320 1811 prius
350 1754 384 1792 a
412 1736 766 1806 consulibuS‚
793 1745 858 1793 ut
886 1736 948 1793 in
980 1736 1214 1794 Gallum
1251 1745 1371 1792 tam
1404 1735 1655 1792 inaniter
1686 1734 2069 1810 adrogantem
2116 1758 2163 1807 15

152 1851 422 1909 pugnare
467 1851 595 1891 sese
638 1826 1066 1908 permitterent,
1110 1832 1484 1908 progreditur
1525 1831 1818 1906 intrepide
1861 1831 2065 1889 mode-

152 1942 367 2007 steque
410 1930 647 1988 obviam
669 1951 686 2003 3
744 1940 804 1988 et
849 1930 1310 2006 congrediuntur
1352 1939 1412 1988 et
1456 1930 1781 1988 consistunt
1823 1939 1883 1988 et
1924 1947 2066 1989 con-

151 2028 503 2088 serebantur
544 2029 661 2085 iam
704 2047 929 2086 manus,
1032 2031 1226 2103 Atque
1270 2028 1350 2086 ibi
1390 2028 1476 2085 vis
1520 2027 1812 2102 quaedam
1870 2027 2068 2085 divina

151 2128 261 2185 fit:
323 2145 532 2185 corvus
575 2136 820 2201 repente
866 2127 1194 2202 inprovisus
1238 2125 1476 2184 advolat
1519 2135 1578 2183 et
1622 2143 1799 2199 super
1838 2126 2064 2201 galeam

150 2225 376 2284 tribuni
419 2224 631 2282 insistit
673 2235 851 2299 atque
896 2223 1035 2283 inde
1080 2225 1140 2281 in
1183 2224 1478 2282 adversari
1522 2242 1588 2281 os
1634 2234 1812 2298 atque
1868 2223 2071 2281 oculos
2112 2250 2168 2281 20

149 2340 422 2399 pugnare
452 2322 660 2396 incipit
682 2342 698 2393 ;
742 2322 1015 2394 insilibat,
1041 2321 1396 2380 obturbabat
1427 2331 1485 2378 et
1516 2321 1801 2395 unguibus
1830 2338 2067 2378 manum

149 2420 417 2479 laniabat
446 2429 507 2477 et
535 2430 916 2494 prospectum
961 2420 1064 2477 alis
1109 2419 1349 2477 arcebat
1390 2429 1587 2492 atque,
1618 2418 1719 2476 ubi
1760 2418 1899 2476 satis
1941 2437 2065 2476 sae·

148 2518 363 2589 vierat‚
399 2518 699 2577 revolabat
742 2519 802 2577 in
844 2520 1070 2595 galeam
1114 2518 1378 2589 tribuni„
1437 2517 1532 2575 Sic
1575 2515 1856 2588 tribunus,
1899 2534 2066 2591 spec-

220 2704 262 2737 1.
303 2691 442 2735 Corvi
461 2691 594 2736 alitis
610 2708 628 2736 .·
658 2695 668 2713 ⁸
688 2692 743 2737 of
765 2707 794 2737 a
817 2693 989 2739 raven!
1255 2693 1296 2737 8.
1340 2692 1477 2736 Vasta
1505 2695 1552 2734 et
1581 2689 1733 2733 ardua
1754 2689 2038 2746 proceritate
2052 2703 2070 2733 .·

217 2778 261 2811 2.
294 2765 433 2809 Secus
451 2781 469 2810 .·
499 2768 509 2786 ⁸
528 2767 803 2814 otherwise·
1165 2768 1175 2786 ⁸
1193 2765 1250 2809 of
1273 2764 1577 2820 enormously
1601 2763 1680 2807 tall
1703 2763 1906 2808 stature.'

213 2855 261 2897 4.
293 2840 350 2885 L.
374 2842 555 2886 Furio:
591 2841 664 2888 i.e.
696 2842 942 2898 CamilluS,
974 2856 1064 2888 son
1253 2853 1296 2896 9.
1331 2838 1569 2883 Grandia:
1603 2836 1731 2880 ‘with
1747 2838 1860 2894 long
1874 2837 2071 2884 strides!

149 2915 215 2961 of
237 2914 324 2959 the
352 2929 622 2975 conqueror
652 2916 708 2962 of
729 2916 862 2970 Veii;
897 2917 1065 2963 consul
1226 2926 1295 2959 10.
1327 2913 1636 2970 Reczprocans
1651 2923 1669 2958 .·
1704 2914 1714 2931 ⁸
1730 2911 2071 2968 brandishing.'

149 2992 206 3036 in
228 3004 321 3048 349
341 2998 433 3037 B.C.
1225 3001 1293 3033 10.
1325 2989 1505 3044 Perque
1562 3020 1574 3033 .
1632 3021 1643 3033 .
1704 3019 1715 3033 .
1771 2987 2033 3044 superbiam
2057 3000 2076 3031 .·

216 3068 261 3112 6.
298 3067 480 3124 Agrum
527 3067 855 3125 Pomptinum:
903 3078 933 3110 a
972 3065 1067 3111 dis-
1162 3086 1199 3103 =
1221 3064 1449 3107 ablatives
1486 3062 1541 3106 of
1565 3074 1782 3107 manner.

149 3141 268 3187 trict
291 3153 354 3184 on
377 3140 456 3184 the
478 3146 613 3185 coast
634 3140 690 3185 of
706 3139 911 3186 Latium.
1227 3151 1295 3194 14.
1330 3138 1580 3194 Ambiguis
1596 3152 1614 3181 .·
1643 3134 1935 3193 ‘wavering.'

215 3218 262 3262 8.
297 3215 425 3260 Satis
498 3215 740 3273 agentibus
760 3229 780 3260 .·
857 3217 867 3235 ⁸
889 3214 1068 3273 having
1230 3215 1297 3259 18.
1343 3212 1419 3257 Vis
1441 3245 1452 3257 .
1475 3244 1486 3256 .
1510 3244 1522 3256 .
1526 3211 1595 3267 fit
1607 3223 1623 3257 :
1657 3212 1667 3230 ⁸
1683 3223 1712 3254 a
1735 3210 1927 3254 miraele
1956 3209 2073 3267 hap-

148 3288 287 3337 their
315 3288 471 3334 hands
501 3288 609 3335 full:
1168 3286 1316 3344 pens!

1227 3374 1299 3404 20.
1329 3359 1540 3403 Insistit:
1575 3360 1585 3378 ⁸
1600 3355 1829 3414 perche5.'
