2475 3617
443 175 626 257 Fzfly
675 176 926 239 Storz'es
952 177 1139 258 from
1187 175 1409 238 Aulus
1459 175 1716 240 Gellius
1948 190 2020 257 51

135 374 314 431 altera
380 372 730 446 caduceum,
793 373 855 431 in
921 373 1106 431 altera
1173 373 1377 432 hastae
1451 374 1760 432 simulacra
1821 373 2034 432 fuerint

133 488 334 529 incisa.

768 679 892 735 36.
946 683 1037 746 (N.
1075 683 1133 731 A.
1170 683 1265 732 x1.
1300 682 1401 746 v1.)

135 846 286 909 Quod
308 845 539 894 mulieres
565 846 758 894 Romae
782 860 872 909 per
898 846 1172 894 Herculem
1197 862 1300 895 non
1325 847 1593 896 iuraverint
1628 862 1791 911 neque
1827 847 1917 897 viri
1950 863 2041 912 per

218 929 488 978 Castorem.

222 1077 294 1134 In
345 1074 640 1134 veteribus
695 1075 927 1150 scriptis
981 1094 1173 1150 neque
1231 1077 1504 1134 mulieres
1561 1078 1868 1136 Romanae
1931 1095 2041 1152 per

138 1173 462 1232 Herculem
507 1172 778 1232 deiurant
819 1191 1014 1248 neque
1053 1175 1311 1248 viri'per
1353 1175 1679 1233 Castorem.
1777 1174 1893 1234 Sed
1936 1194 2042 1233 cur

136 1272 272 1330 illae
311 1289 434 1329 non
474 1270 789 1329 iuraverint
834 1272 1181 1343 Herculem,
1224 1290 1347 1330 non
1388 1273 1704 1331 obscurum
1750 1283 1856 1345 est,
1902 1292 2039 1330 nam

138 1369 520 1428 Herculaneo
577 1369 864 1427 sacrificio
920 1369 1235 1427 abstinent.
1349 1370 1469 1428 Cur
1517 1380 1715 1428 autem
1769 1371 1877 1428 viri
1925 1371 2036 1430 Ca-

138 1477 356 1525 storem
400 1467 655 1524 iurantes
696 1485 819 1524 non
861 1467 1301 1542 appellaverint,
1346 1485 1468 1525 non
1513 1468 1681 1526 facile
1726 1468 1890 1527 dictu
1935 1478 2040 1527 est.

140 1565 447 1639 Nusquam
476 1564 653 1639 igitur
693 1565 976 1639 scripturn
1007 1565 1269 1623 invenire
1300 1575 1389 1624 est
1418 1565 1579 1640 apud
1621 1565 1870 1624 idoneos
1912 1566 2039 1641 qui-

141 1661 282 1720 dem
338 1662 670 1736 scriptoreS,
719 1671 821 1719 aut
878 1666 1005 1720 ‘me
1063 1661 1298 1720 hercle'
1350 1663 1629 1720 feminam
1685 1662 1886 1722 dicere
1942 1674 2041 1721 aut

142 1764 272 1818 ‘me
314 1761 543 1817 castor'
586 1759 774 1817 virum
795 1781 812 1832 3
857 1759 1144 1835 ‘edepol’
1189 1770 1406 1833 autem,
1437 1762 1600 1836 quod
1643 1761 2041 1820 iusiurandum

140 1875 247 1932 per
276 1858 576 1915 Pollucem
607 1867 713 1929 est,
746 1868 805 1916 et
834 1857 958 1915 viro
987 1868 1046 1916 et
1077 1858 1331 1917 feminae
1375 1877 1691 1917 commune
1734 1870 1841 1917 est.
1925 1859 2042 1918 Sed

140 1956 227 2012 M.
271 1956 460 2013 Varro
501 1953 827 2025 adseverat,
870 1955 1307 2030 antiquissimos
1348 1957 1501 2015 viros
1544 1975 1736 2031 neque
1781 1975 1888 2032 per
1928 1957 2043 2015 Ca-

141 2062 359 2110 storem
415 2069 608 2127 neque
665 2070 773 2126 per
830 2049 1131 2110 Pollucem
1188 2052 1454 2112 deiurare
1526 2055 1747 2125 solitos,
1804 2053 1912 2112 sed
1981 2054 2042 2112 id

140 2148 541 2207 iusiurandum
571 2150 746 2208 fuisse
778 2159 1006 2208 tantum
1050 2151 1398 2208 feminarum
1429 2170 1503 2210 ex
1530 2152 1710 2209 initiis
1753 2151 2045 2210 Eleusinis

141 2256 494 2322 acceptum3
539 2247 817 2322 paulatim
850 2257 1049 2305 tamen
1088 2248 1319 2306 inscitia
1360 2249 1720 2324 antiquitatis
1761 2250 1913 2307 viros
1956 2249 2042 2307 di-

141 2362 277 2402 cere
307 2348 323 2375 ‘
344 2343 560 2419 edepol
580 2344 594 2368 '
619 2345 887 2419 coepisse
911 2345 1252 2419 factumque
1275 2364 1403 2404 esse
1426 2347 1507 2404 ita
1528 2335 1769 2405 dicendi
1799 2364 2043 2418 morem,

2091 1496 2142 1541 1.0

2092 1982 2140 2029 15

141 2441 246 2499 sed
304 2446 437 2499 ‘me
487 2444 716 2500 castor'
774 2461 810 2500 a
863 2442 988 2501 viro
1046 2442 1182 2513 dici,
1241 2444 1303 2500 in
1357 2444 1516 2501 nullo
1573 2453 1771 2502 vetere
1829 2444 2046 2518 scripto
2090 2471 2146 2502 20

140 2538 405 2597 inveniri.

225 2721 269 2763 7.
299 2707 573 2751 Deiurant:
602 2709 612 2727 ⁸
629 2708 803 2753 swear.⁰
1204 2720 1273 2766 15.
1303 2710 1595 2756 Adseverat:
1629 2709 1898 2755 ‘declares'

202 2793 270 2827 11.
300 2782 492 2825 Idoneos
509 2794 526 2827 .·
569 2783 579 2800 ‘
601 2782 762 2838 good‚'
805 2785 814 2802 ⁶
838 2789 1042 2839 respect·
1204 2795 1272 2839 17.
1303 2784 1389 2827 Ex
1411 2784 1565 2827 initiis
1584 2784 1830 2828 Eleusinis
1846 2797 1862 2830 .·
1897 2784 2044 2828 ‘from

144 2854 280 2902 able.'
1145 2856 1223 2901 the
1248 2856 1523 2902 Eleusinian
1544 2857 1815 2916 mysteries.'

204 2941 272 2986 15.
302 2930 374 2975 M.
401 2931 550 2975 Varro
563 2943 580 2977 .·
603 2943 685 2975 see
701 2938 814 2976 note
831 2942 894 2975 on
912 2944 958 2988 p.
972 2943 1042 2989 50,

145 3002 173 3047 1.
195 3016 266 3049 22.
