2475 3617
350 195 433 256 26
671 191 853 273 Fzsfty
901 190 1150 254 Stories
1173 192 1363 271 from
1408 189 1631 251 Aulus
1683 190 1939 252 Gellius

346 405 497 463 quae
554 386 701 444 dixit
749 403 1019 460 quaeque
1071 385 1228 457 fecit,
1284 385 1648 443 declaratum
1701 397 1807 444 est.
1895 388 1987 445 Ex
2042 388 2262 462 quibus

347 495 482 544 sunt
515 485 664 542 haec
698 483 818 542 duo
853 483 1125 558 exempla
1159 484 1284 541 eius
1324 482 1579 541 fiduciae
1616 494 1794 559 atque
1835 487 2261 560 exuperantiae

346 583 619 658 ingentis,

427 681 580 739 Cum
638 681 725 737 M.
771 679 1028 737 Naevius
1084 677 1351 736 tribunus
1398 678 1587 753 plebis
1637 690 1941 738 accusaret
1991 698 2129 738 eum
2182 681 2264 740 ad

250 804 269 850 5
341 778 626 853 populum
678 776 1040 850 diceretque,
1093 776 1396 850 accepisse
1448 794 1483 832 a
1531 794 1669 852 rege
1719 777 2018 836 Antiocho
2074 796 2261 854 pecu-

347 877 524 947 niam,
575 884 641 933 ut
690 874 1140 933 condicionibus
1190 874 1459 949 gratiosis
1511 884 1571 932 et
1622 874 1895 934 mollibus
1945 894 2065 950 pax
2119 895 2262 934 cum

349 992 422 1031 eo
464 974 668 1048 populi
711 972 966 1030 Romani
1010 972 1250 1029 nomine
1294 971 1461 1029 fieret
1503 983 1563 1029 et
1604 972 1902 1046 quaedam
1951 973 2096 1031 item
2146 975 2266 1032 alia

347 1071 576 1128 crimini
618 1069 785 1128 daret
827 1069 1066 1143 indigna
1110 1068 1211 1126 tali
1252 1069 1396 1140 viro,
1442 1080 1567 1126 tum
1611 1070 1810 1144 Scipio
1852 1088 2053 1144 pauca„-
2087 1089 2261 1146 prae-

349 1170 517 1238 fatus,
564 1186 714 1242 quae
764 1166 1016 1242 dignitas
1059 1167 1212 1223 vitae
1261 1185 1398 1224 suae
1444 1177 1621 1241 atque
1669 1167 1855 1242 gloria
1902 1169 2263 1242 postulabat,

252 1293 304 1323 10
346 1266 712 1337 ‘Memoria,’
759 1264 948 1338 inquit
999 1264 1314 1337 ‘QuiriteS,
1354 1274 1580 1338 repet0,
1628 1264 1790 1322 diem
1842 1284 1970 1323 esse
2021 1265 2263 1325 hodier-

347 1382 507 1434 num,
543 1381 663 1437 quo
705 1361 1104 1420 Hannibalem
1149 1363 1414 1418 Poenum
1454 1362 1707 1437 imperio
1742 1372 1937 1420 vestro
1977 1363 2263 1423 inimicis-

349 1461 560 1519 simum
605 1478 820 1535 magno
862 1459 1090 1534 proelio
1133 1458 1249 1515 vici
1291 1459 1355 1515 in
1395 1468 1549 1517 terra
1582 1459 1780 1517 Africa
1821 1478 2157 1536 pacemque
2205 1473 2267 1520 et

346 1559 653 1616 victoriam
694 1558 861 1616 vobis
905 1557 1109 1632 peperi
1155 1556 1561 1631 spectabilem.
1665 1558 1805 1615 Non
1855 1558 2029 1633 igitur
2077 1560 2266 1618 simus

349 1656 659 1715 adversum
708 1655 1112 1738 deosffiingrati
1161 1664 1239 1726 et,
1286 1672 1521 1726 cense0,
1566 1656 1964 1729 relinquamus
2013 1657 2265 1717 nebulo-

251 1781 299 1828 ¹5
345 1772 484 1811 nem
542 1754 715 1824 hunc,
768 1770 968 1810 eamus
1024 1752 1163 1810 hinc
1220 1752 1486 1826 protinus
1539 1753 1665 1811 Iovi
1716 1754 1946 1828 optimo
1998 1755 2266 1814 maximo

348 1852 736 1927 gratulatum.’
810 1850 882 1908 Id
912 1868 1049 1907 cum
1072 1848 1333 1920 dixisset,
1359 1850 1567 1908 avertit
1596 1860 1655 1908 et
1684 1851 1768 1907 ire
1797 1850 1873 1908 ad
1899 1851 2266 1927 Capitolium

349 1950 566 2024 coepit.
649 1950 802 2006 Tum
853 1948 1056 2006 contio
1106 1948 1393 2020 universa,
1443 1966 1596 2022 quae
1646 1947 1723 2006 ad
1775 1950 2132 2007 sententiam
2185 1951 2266 2009 de

348 2048 625 2122 Scipione
657 2046 960 2104 ferendam
995 2055 1370 2117 convenerat,
1400 2046 1607 2104 relicto
1645 2046 1881 2106 tribuno
1918 2048 2265 2122 Scipionem

347 2147 409 2203 in
454 2146 813 2220 Capitolium
859 2144 1141 2201 comitata
1189 2153 1365 2217 atque
1413 2144 1551 2201 inde
1597 2143 1674 2201 ad
1721 2144 1902 2202 aedes
1949 2144 2075 2203 eius
2125 2164 2265 2203 cum

249 2271 304 2302 20
347 2244 566 2301 laetitia
622 2252 681 2300 et
736 2241 1122 2317 gratulatione
1174 2241 1442 2299 sollemni
1491 2251 1807 2315 prosecuta
1857 2253 1965 2299 est.
2053 2243 2266 2301 Fertur

346 2343 524 2400 etiam
570 2340 777 2411 oratio,
812 2356 964 2413 quae
1004 2336 1233 2395 videtur
1275 2338 1476 2397 habita
1520 2356 1595 2396 eo
1639 2338 1738 2396 die
1784 2357 1819 2395 a
1864 2338 2167 2413 Scipione,
2207 2351 2265 2398 et

347 2440 450 2514 qui
492 2438 697 2496 dicunt
741 2455 872 2494 eam
913 2453 1034 2493 non
1070 2454 1291 2505 veram,
1328 2454 1448 2493 non
1486 2447 1627 2493 eunt
1662 2436 1896 2508 infitiaS,
1928 2436 2090 2510 quin
2112 2437 2263 2496 haec

349 2536 593 2612 quidem
634 2535 815 2592 verba
857 2533 1087 2604 fuerint,
1128 2550 1279 2606 quae
1319 2531 1461 2604 dixi,
1498 2533 1806 2608 Scipionis,

438 2723 478 2755 2.
510 2706 872 2765 Exuperantiae
896 2721 914 2749 .·
982 2706 991 2725 ¹
1016 2702 1252 2761 superior-
1416 2716 1482 2749 12.
1528 2704 1661 2749 Vici:
1690 2711 1739 2749 at
1758 2706 1838 2749 the
1858 2705 2004 2749 battle
2026 2705 2083 2749 of
2098 2706 2260 2760 Zama,

348 2784 440 2842 ity.'
1356 2791 1441 2822 202
1463 2786 1558 2823 B.C.

434 2874 477 2914 4.
506 2859 580 2902 M.
624 2856 871 2901 Naevius:
937 2854 1124 2898 tribune
1171 2854 1252 2910 185
1417 2865 1483 2909 13.
1515 2853 1654 2897 Non:
1688 2852 1760 2896 for
1781 2867 1853 2898 ne.

350 2943 442 2980 B.C.
1416 2939 1483 2983 14.
1515 2926 1777 2971 Adversum
1795 2942 1813 2970 .·
1843 2928 2106 2973 ‘towards.'

434 3021 477 3067 5.
509 3006 741 3052 Antiocho
765 3020 784 3050 :
840 3003 955 3060 king
1005 3002 1060 3047 of
1103 3001 1253 3058 Syria,
1416 3014 1483 3057 14.
1515 3001 1796 3044 Nebulonem
1815 3017 1833 3045 .·
1872 3004 1881 3021 ⁴
1901 3003 2152 3048 worthless
2182 3003 2266 3048 fel·

349 3083 569 3129 defeated
610 3082 674 3137 by
713 3079 795 3123 the
835 3078 1024 3135 Scipios
1075 3077 1124 3120 in
1171 3076 1252 3119 the
1354 3074 1470 3120 low.'

349 3158 495 3202 battle
526 3156 580 3200 of
608 3153 875 3210 Magnesia,
911 3165 992 3208 190
1023 3158 1114 3195 B.C.
1415 3161 1482 3205 15.
1514 3150 1768 3193 Protinus:
1798 3151 2157 3210 ‘straightway.'

436 3233 479 3276 6.
519 3230 781 3275 Gratiosis:
813 3229 923 3276 ftoo
944 3224 1213 3269 favorable.’
1416 3236 1482 3279 17.
1514 3224 1595 3267 Ad
1606 3225 1879 3267 sententiam
1894 3258 1907 3269 .
1923 3259 1935 3270 .
1949 3258 1961 3270 .
1972 3227 2230 3283 ferendam
2246 3242 2265 3271 .·

412 3318 479 3349 10.
510 3303 749 3347 Memoria
775 3334 786 3345 .
811 3333 823 3345 .
848 3333 862 3346 .
886 3303 1037 3357 repeto
1056 3313 1074 3341 .·
1103 3300 1111 3317 ·
1132 3297 1151 3340 I
1186 3309 1255 3339 re·
1355 3299 1428 3342 ‘to
1452 3310 1562 3354 pass
1579 3297 1859 3353 judgment.'

353 3378 469 3424 ean:
1415 3385 1483 3417 22.
1514 3372 1648 3414 Eunt
1669 3372 1876 3428 infitias:
1911 3376 1921 3394 ⁸
1944 3375 2098 3433 deny.'
