2475 3617
417 164 508 226 60
734 159 921 243 Fzfly
968 160 1217 225 Stet-ies
1243 162 1432 244 from
1480 162 1700 225 Aulus
1752 162 2009 226 Gellius

419 374 546 415 esse
584 375 621 414 a
656 357 743 414 M.
773 356 1033 415 Antonio
1079 358 1395 432 provinciis
1439 359 1816 417 orientalibus
1860 360 2226 435 Parthosque
2271 361 2346 419 in

418 455 642 529 Syriam
684 455 1164 530 introrumpentis
1202 456 1385 514 tribus
1424 456 1500 514 ab
1539 474 1614 515 eo
1651 456 1868 531 proelis
1906 457 2065 516 fusos
2103 458 2343 531 scribit,

418 569 674 627 eumque
730 552 987 626 primum
1042 553 1308 611 omnium
1375 553 1452 611 de
1520 553 1747 612 Parthis
1813 554 2199 631 triumphasse
2271 566 2344 614 et

418 658 608 707 morte
650 648 814 708 obita
855 649 1094 725 publico
1137 650 1342 708 funere
1384 649 1679 726 sepultum
1722 669 1868 711 esse.

316 944 339 992 5
1023 931 1149 987 44.
1203 933 1295 998 (N.
1331 935 1393 983 A.
1429 934 1540 982 XV.
1581 933 1702 999 vn.)

413 1097 744 1147 Observatum
784 1112 891 1145 esse
928 1097 980 1145 in
1021 1097 1237 1155 senibus,
1277 1098 1412 1161 quod
1449 1113 1635 1146 annum
1675 1096 1778 1146 fere
1823 1099 2002 1147 aetatis
2036 1099 2238 1148 tertium
2276 1107 2338 1149 et

494 1180 856 1243 sexagesimum
901 1187 1054 1250 agant
1087 1186 1173 1228 aut
1209 1179 1462 1229 laboribus
1500 1188 1584 1228 aut
1619 1180 1821 1229 interitu
1855 1188 1940 1229 aut
1975 1181 2117 1230 clade
2154 1182 2336 1245 aliqua

495 1262 811 1325 insignitum;
865 1268 1015 1326 atque
1061 1263 1184 1311 inibi
1229 1278 1380 1327 super
1427 1263 1602 1312 eadem
1651 1264 1998 1312 observatione
2036 1264 2333 1328 exemplum

495 1345 780 1410 adpositum
806 1344 1047 1409 epistulae
1073 1346 1174 1394 divi
1198 1346 1412 1408 Augusti
1435 1346 1501 1394 ad
1525 1345 1708 1394 Gaium
1733 1346 1900 1395 filium.

317 1516 369 1546 10
491 1489 883 1549 Observatum
942 1489 1003 1546 in
1062 1488 1244 1545 multa
1299 1487 1606 1546 hominum
1654 1489 1939 1547 memoria
1983 1498 2330 1563 expertum-

413 1605 529 1663 que
573 1597 679 1658 est,
723 1587 1048 1645 senioribus
1094 1585 1387 1661 plerisque
1433 1586 1706 1644 omnibus
1749 1586 2174 1662 sexagesimum
2205 1598 2330 1644 ter-

414 1685 559 1742 tium
608 1685 762 1742 vitae
812 1703 1032 1742 annum
1082 1702 1218 1740 cum
1264 1683 1528 1757 periculo
1570 1693 1629 1741 et
1671 1683 1843 1742 clade
1886 1684 2079 1759 aliqua
2105 1679 2331 1743 *venire

415 1792 514 1839 aut
562 1783 826 1858 corporis
876 1781 1181 1856 morbique
1233 1781 1513 1856 gravioris
1563 1790 1661 1838 aut
1710 1782 1865 1839 vitae
1912 1782 2175 1839 interitus
2220 1792 2331 1841 aut

414 1880 594 1937 animi
636 1879 1032 1955 aegritudinis.
1122 1879 1461 1953 Propterea,
1505 1879 1604 1952 qui
1651 1896 1842 1935 rerum
1885 1879 2328 1954 verborumque

316 2003 365 2050 15
410 1976 739 2035 istiusmodi
771 1977 966 2035 studio
1004 1986 1297 2049 tenentur,
1330 1994 1466 2034 eum
1509 1976 1715 2034 aetatis
1758 1993 1976 2033 annum
2020 1977 2330 2051 appellant

415 2080 429 2106 ⁴
451 2074 924 2152 κλιμακτηρικόν.’
1747 2065 1752 2070 ’

495 2173 691 2230 Nocte
747 2190 983 2247 quoque
1040 2172 1150 2229 ista
1205 2172 1473 2245 proxima
1531 2170 1850 2246 superiore,
1908 2189 2045 2229 cum
2103 2171 2325 2230 librum

413 2270 791 2344 epistularum
834 2269 950 2328 divi
995 2270 1261 2346 Augusti,
1293 2288 1438 2344 quas
1467 2267 1543 2326 ad
1575 2269 1790 2327 Gaium
1820 2279 2102 2344 nepotem
2146 2288 2324 2327 suum

414 2368 662 2443 scripsit,
735 2369 1060 2443 legeremus
1134 2368 1600 2442 duceremurque
1677 2367 1968 2441 elegantia
2038 2367 2326 2425 orationis

311 2492 368 2524 20
409 2484 603 2541 neque
648 2485 881 2525 morosa
922 2483 1115 2541 neque
1157 2466 1348 2536 anxia,
1381 2463 1488 2522 sed
1532 2464 1683 2521 facili
1728 2464 1926 2521 hercle
1956 2473 2016 2521 et
2045 2464 2324 2539 simplici,

500 2653 541 2684 2.
573 2640 959 2697 Jntrorumpentis
972 2652 989 2686 .·
1043 2637 1314 2683 accusative

412 2715 581 2771 plural.

1416 2635 1536 2680 from
1580 2634 1837 2698 xhtuaxrrip,
1879 2636 1959 2679 the
2001 2638 2160 2681 round
2202 2636 2261 2681 of
2294 2650 2329 2681 a

1416 2711 1608 2763 ladder;
1644 2723 1674 2753 a
1704 2711 1976 2768 dangerous
2007 2710 2178 2766 period
2211 2711 2262 2755 in
2293 2725 2328 2756 a

497 2802 541 2845 9.
579 2789 784 2833 Gaium:
814 2787 965 2832 Gaius
997 2786 1190 2840 Caesar,
1221 2800 1310 2831 son

412 2858 466 2903 of
489 2859 748 2924 Augustus·
783 2859 1018 2914 daughter
1053 2857 1183 2917 Julia
1213 2847 1311 2901 and

413 2933 483 2979 M.
531 2932 750 2990 Agrippa
779 2947 790 2986 ς
853 2933 1067 2988 adopted
1118 2932 1182 2990 by
1231 2932 1312 2975 the

411 3020 649 3065 emperor.

473 3094 541 3127 11.
571 3082 815 3138 Plerisque
837 3081 1048 3124 omnibus
1063 3096 1081 3124 .·
1110 3083 1121 3101 ⁸
1139 3081 1313 3125 almost

411 3156 502 3201 all!

474 3241 541 3287 15.
575 3229 741 3274 Studio
773 3231 989 3272 tenentur
1004 3240 1022 3273 .·
1075 3228 1209 3271 'take
1249 3241 1310 3271 an

414 3305 606 3348 interest
628 3302 705 3348 inl

474 3378 543 3423 16.
567 3374 938 3424 Κλιμακτηρικόνε
959 3376 969 3394 ⁴
982 3374 1266 3418 climacteric
1280 3374 1311 3428 ς’

1416 2785 1569 2828 man’s
1595 2784 1684 2839 life,
1710 2784 1963 2842 especially
1994 2798 2049 2829 so
2081 2787 2327 2841 regarded

1411 2870 1535 2903 were
1570 2858 1650 2902 the
1690 2858 1928 2917 multiples
1968 2858 2024 2903 of
2057 2871 2220 2914 seven,
2253 2872 2328 2918 35,

1411 2946 1482 2989 49.
1504 2934 1575 2990 63·

1475 3019 1542 3063 17.
1572 3008 1720 3051 Nocte
1762 3041 1774 3053 .
1819 3040 1832 3053 .
1875 3041 1887 3053 .
1921 3008 2149 3065 proxima
2189 3014 2328 3067 supe-

1414 3081 1544 3125 riore
1559 3094 1576 3127 :
1610 3081 1715 3124 ‘the
1738 3082 1872 3138 night
1893 3081 2056 3126 before
2078 3083 2200 3129 last!

1477 3168 1544 3211 19.
1575 3156 1958 3213 Duceremurque
1981 3171 2000 3200 .·
2060 3159 2071 3177 ‘
2087 3158 2188 3201 and
2253 3171 2329 3203 we

1413 3242 1538 3274 were
1570 3229 1828 3275 attracted.'

1474 3316 1544 3348 20.
1577 3304 1801 3350 Morosa:
1836 3303 2112 3361 ‘captiou5.'

1475 3390 1544 3421 20.
1577 3379 1775 3424 Anxia:
1809 3380 1819 3399 ¹
1834 3379 2044 3436 painful.'
