2475 3617
538 166 723 249 Fifly
771 166 1021 232 Stories
1048 167 1236 248 from
1284 165 1505 229 Aulus
1554 165 1809 229 Gellius
2036 164 2120 245 63

226 367 373 424 cessi
424 364 677 423 Pericles
725 362 1142 439 Antigenidam
1197 362 1501 421 tibicinem
1550 361 1828 433 iussisset,
1874 372 1939 419 ut
1987 379 2126 419 eum

226 481 437 521 canere
467 461 640 533 tibiis,
684 461 847 537 quod
890 460 1368 520 honestissimum
1410 470 1536 519 tum
1559 458 1904 530 videbatur,
1943 458 2125 517 doce-

225 571 331 632 ret,
379 559 621 619 traditas
663 560 773 619 sibi
815 561 1005 631 tibias,
1035 579 1172 617 cum
1216 559 1294 616 ad
1336 578 1403 617 os
1444 557 1807 616 adhibuisset
1849 556 2128 615 inflasset-

226 677 360 734 que,
418 657 768 734 pudefactus
838 658 956 717 oris
1027 657 1404 715 deformitate
1469 656 1686 714 abiecit
1755 655 2125 731 infregitque.

227 758 318 815 Ea
370 774 466 815 res
508 774 645 813 cum
689 755 1134 830 percrebuisset,
1180 754 1445 813 omniurn
1501 763 1627 810 tum
1682 752 2128 811 Atheniensium

226 873 518 914 consensu
557 853 870 928 disciplina
910 853 1067 912 tibiis
1109 852 1364 910 canendi
1406 851 1596 910 desita
1638 860 1744 908 est.
1829 849 2127 924 Scriptum

226 951 343 1011 hoc
370 953 431 1010 in
459 951 869 1011 conmentario
900 949 1236 1025 Pamphilae
1266 967 1428 1008 nono
1456 958 1516 1006 et
1543 947 1842 1007 vicesimo.

804 1329 930 1385 4⁷.
985 1331 1076 1396 (Ν.
1110 1333 1172 1380 A.
1207 1332 1322 1381 XV.
1356 1330 1537 1395 xv111.)

229 1494 376 1559 Quod
414 1509 585 1559 pugna
620 1494 740 1543 belli
777 1494 933 1543 civilis
971 1494 1278 1558 victoriaque
1318 1493 1412 1542 Gai
1452 1494 1691 1552 Caesaris,
1729 1511 1879 1559 quam
1921 1494 2040 1543 vicit
2075 1495 2129 1543 in

312 1578 577 1626 Pharsaliis
601 1578 802 1642 campis,
824 1577 1053 1632 nuntiata
1074 1578 1431 1640 praedictaque
1457 1584 1531 1625 est
1557 1592 1647 1640 per
1669 1577 1947 1641 cuiuspiam
1970 1592 2131 1625 sacer-

311 1661 442 1710 dotis
465 1660 752 1709 vaticinium
777 1661 956 1709 eodem
981 1661 1090 1724 ipso
1114 1660 1194 1708 die
1221 1660 1273 1707 in
1298 1660 1444 1708 Italia
1469 1660 1654 1708 Patavi.

309 1813 447 1886 Quo
476 1813 543 1871 C.
576 1813 795 1871 Caesar
824 1821 883 1870 et
912 1812 1023 1870 Cn.
1055 1811 1373 1887 Pompeius
1408 1812 1506 1869 die
1548 1829 1655 1886 per
1696 1812 1864 1870 civile
1908 1811 2124 1871 bellum

230 1909 407 1984 signis
472 1910 720 1967 conlatis
794 1910 854 1966 in
928 1909 1232 1967 Thessalia
1288 1908 1693 1979 conflixerunt,
1752 1927 1842 1967 res
1911 1909 2127 1967 accidit

234 2007 432 2064 Patavi
474 2007 533 2064 in
584 2006 980 2081 transpadana
1029 2007 1199 2064 Italia
1255 2007 1566 2064 memorari
1624 2005 1817 2082 digna.
1901 2007 2126 2065 Corne-

230 2103 336 2161 lius
392 2104 636 2179 quidam
681 2103 977 2176 sacerdOS,
1024 2114 1083 2162 et
1125 2105 1337 2163 nobilis
1381 2114 1441 2161 et
1484 2103 1798 2161 sacerdotii
1841 2104 2130 2180 religioni-

231 2200 338 2260 bus
378 2201 748 2260 venerandus
791 2212 851 2260 et
892 2202 1160 2260 castitate
1198 2203 1352 2259 vitae
1395 2212 1648 2273 sanctuS,
1679 2212 1923 2276 repente
1967 2212 2129 2260 mota

232 2309 428 2357 mente
478 2300 827 2375 conspicere
883 2318 945 2357 se
1002 2300 1206 2374 procul
1255 2299 1420 2371 dixit,
1470 2317 1727 2375 pugnam
1782 2300 2128 2357 acerrimam

230 2397 493 2472 pugnari,
543 2415 615 2455 ac
660 2397 880 2456 deinde
930 2396 1074 2455 alios
1118 2397 1355 2468 cedere,
1402 2398 1546 2456 alios
1589 2415 1812 2473 urgere,
1857 2396 2126 2469 caedem,

291 2581 328 2613 1.
372 2569 624 2614 Tibicinem
640 2582 657 2615 .·
705 2572 761 2613 'a
805 2568 1129 2627 flute-player,'
1294 2581 1362 2614 10.
1394 2569 1700 2613 Pharsaliis:
1756 2569 1837 2614 the
1885 2569 2031 2613 battle
2081 2568 2134 2613 of

230 2646 241 2665 ⁸
260 2644 427 2703 piper.'
1235 2643 1492 2687 Pharsalus
1521 2657 1618 2688 was
1653 2643 1820 2700 fought
1853 2644 1916 2700 by
1950 2644 2130 2689 Caesar

289 2733 328 2765 2.
361 2718 753 2764 Honestissimum
776 2730 793 2764 .·
836 2720 846 2739 ·
870 2717 1031 2775 highly
1060 2730 1132 2761 re-
1231 2719 1331 2761 and
1356 2719 1566 2775 Pompey
1588 2720 1644 2774 48
1668 2726 1759 2764 B.C.
1822 2719 1864 2762 It
1887 2720 2030 2763 made
2050 2719 2129 2763 the

233 2792 508 2850 spectable.'
1231 2790 1408 2836 former
1467 2800 1642 2837 master
1698 2792 1753 2836 of
1802 2793 1882 2837 the
1938 2794 2127 2838 Roman

288 2882 329 2926 3.
361 2868 445 2913 Ad
502 2881 550 2911 os
614 2867 938 2913 adhibuisset:
1000 2868 1010 2887 ‘
1033 2866 1131 2910 had
1231 2869 1395 2921 world,
1428 2868 1505 2911 the
1537 2867 1670 2911 latter
1699 2880 1729 2911 a
1757 2867 1967 2923 fugitive.

232 2942 426 3000 applied
456 2948 506 2986 to
537 2940 610 2985 his
643 2941 759 2998 lips.'
1296 2954 1361 2988 11.
1395 2943 1569 2986 Patavi
1584 2957 1602 2985 .·
1646 2955 1752 2986 now
1795 2942 1974 2996 Padua,
2015 2954 2131 2985 near

287 3031 330 3074 4.
362 3018 512 3074 Deso
526 3017 641 3060 rmi
652 3020 809 3061 tate:
861 3014 1133 3072 ‘disfigure-
1232 3016 1428 3061 Venice.

233 3092 391 3137 ment.'
1294 3103 1361 3136 12.
1391 3092 1520 3136 Per:
1554 3090 1779 3146 ‘duringl

285 3180 329 3223 7.
359 3166 672 3223 Pamphilae:
702 3178 731 3209 a
755 3163 924 3208 female
946 3164 1130 3217 author,
1295 3177 1361 3221 13.
1395 3165 1556 3221 Stgrnis
1567 3163 2129 3219 conlatis:‘inapitched

230 3241 340 3285 who
376 3241 501 3284 lived
539 3240 586 3284 in
623 3240 702 3283 the
733 3240 864 3295 reign
897 3237 951 3282 os
983 3239 1129 3291 Nero,
1232 3237 1405 3282 battle.'

231 3317 327 3360 and
378 3321 525 3359 wrote
575 3327 605 3358 a
654 3312 895 3357 historical
946 3311 1130 3355 miscel·
1295 3322 1360 3368 15.
1394 3311 1714 3367 Relegrionibus
1728 3310 1850 3365 :⁴by
1866 3310 1945 3352 the
1960 3311 2129 3354 sacred

231 3390 355 3447 lany.
1233 3384 1534 3429 distinction-⁹

2177 1596 2231 1628 10

2177 2129 2225 2176 15
