2475 3617
431 165 510 244 56
739 164 925 247 Fg‘fzjy
974 163 1226 228 Stories
1251 163 1438 245 from
1485 161 1706 223 Aulus
1757 160 2016 224 Gellius

422 357 644 418 ibidem
675 359 737 416 in
766 377 981 434 campo
1011 359 1225 430 statim,
1256 357 1524 416 nondum
1564 356 1807 415 dimissa
1848 357 2148 430 contione,
2179 358 2353 417 ultro

422 466 667 532 uterque
725 466 784 515 et
837 457 965 531 pari
1018 456 1318 514 voluntate
1362 456 1662 513 coniuncti
1706 456 2127 531 complexique
2177 467 2350 530 sunt,

423 572 613 628 exque
645 572 716 612 eo
746 553 844 611 die
877 564 935 611 et
964 554 1026 611 in
1055 554 1183 628 ipsa
1221 571 1468 611 censura
1498 562 1556 611 et
1586 562 1798 628 postea
1841 553 1959 629 iugi
2002 553 2353 613 concordia

421 651 702 710 fidissime
732 651 1202 726 amicissimeque
1233 651 1515 708 vixerunt.

319 985 346 1032 5
1019 963 1145 1019 41.
1200 965 1293 1029 (N.
1330 966 1391 1016 A.
1426 966 1550 1016 XII.
1585 964 1708 1031 xlx.)

420 1130 605 1178 Faceta
641 1130 896 1193 responsio
939 1130 1010 1179 M.
1053 1129 1309 1178 Ciceronis
1354 1129 1636 1177 amolientis
1674 1144 1704 1177 a
1743 1143 1798 1178 se
1844 1128 2033 1177 crimen
2079 1128 2347 1178 manifesti

499 1212 767 1260 mendacii.

505 1360 677 1417 Haec
720 1377 959 1434 quoque
1002 1357 1312 1434 disciplina
1355 1359 1651 1417 rhetorica
1693 1368 1799 1430 est,
1830 1358 2044 1416 callide
2089 1369 2149 1416 et
2191 1377 2345 1417 cum

420 1467 546 1515 astu
577 1476 667 1515 res
696 1456 1040 1515 criminosas
1070 1457 1215 1514 citra
1245 1455 1569 1531 periculum
1606 1455 1896 1527 confiteri,
1930 1465 1992 1513 ut
2035 1456 2083 1513 si
2126 1456 2340 1513 obiec-

323 1583 376 1614 ιο
418 1565 543 1613 tum
585 1555 659 1612 sit
701 1564 870 1628 turpe
913 1553 1153 1628 aliquid,
1198 1551 1362 1628 quod
1403 1553 1603 1628 negari
1660 1570 1782 1610 non
1838 1563 2036 1628 queat,
2080 1570 2340 1628 respon-

421 1653 584 1711 sione
628 1651 870 1708 ioculari
919 1650 1120 1709 eludas
1170 1660 1231 1709 et
1279 1669 1404 1708 rem
1455 1651 1630 1708 facias
1678 1650 1794 1708 risu
1851 1650 2036 1725 magis
2086 1649 2343 1725 dignam

419 1768 596 1825 quam
627 1749 890 1819 crimine,
921 1750 1071 1806 sicut
1101 1749 1306 1806 fecisse
1340 1749 1691 1807 Ciceronem
1728 1747 2012 1821 scripturn
2051 1757 2159 1819 est,
2190 1767 2342 1806 cum

419 1848 499 1918 id,
550 1846 714 1921 quod
762 1846 996 1903 infitiari
1045 1864 1166 1904 non
1219 1855 1470 1920 poterat,
1521 1845 1746 1904 urbano
1797 1846 2113 1920 facetoque
2163 1845 2343 1905 dicto

420 1945 605 2003 diluit.
692 1945 848 2001 Nam
896 1962 1031 2000 cum
1084 1961 1281 2001 emere
1328 1943 1505 2001 vellet
1561 1943 1623 2000 in
1680 1943 1904 2001 Palatio
1962 1942 2212 2001 domum
2273 1955 2343 2003 et

321 2069 369 2116 15
415 2042 729 2118 pecuniam
755 2034 831 2098 'in
875 2059 1150 2117 praesens
1192 2058 1315 2098 non
1358 2040 1621 2111 haberet,
1662 2058 1698 2097 a
1742 2042 1803 2098 P.
1835 2040 2009 2111 Sulla,
2054 2041 2158 2115 qui
2203 2051 2339 2100 tum

419 2159 550 2198 reus
590 2149 731 2211 erat,
777 2149 980 2196 mutua
1023 2138 1355 2195 sestertium
1401 2138 1621 2196 viciens
1671 2139 1851 2195 tacita
1898 2139 2150 2212 accepit.
2243 2142 2340 2198 Ea

419 2257 511 2296 res
554 2247 772 2310 tamen,
822 2237 1158 2310 priusquam
1205 2245 1446 2308 emeret,
1493 2234 1732 2310 prodita
1777 2244 1865 2292 est
1912 2244 1972 2292 et
2016 2236 2079 2292 in
2125 2237 2337 2311 vulgus

506 2423 543 2455 1.
583 2411 781 2466 Campo:
823 2422 889 2454 sc.
926 2409 1123 2462 Martio,
1158 2408 1316 2453 where

418 2485 496 2528 the
517 2483 716 2527 election
738 2496 834 2526 was
855 2483 982 2528 held.

503 2572 545 2615 3.
577 2558 688 2615 lugi
710 2573 726 2602 .·
742 2557 996 2615 adjective;
1019 2560 1029 2577 ‘
1045 2556 1317 2611 continual,’

417 2633 713 2690 ‘perpetuaL'

504 2709 545 2754 6.
577 2707 856 2752 Amolientis
884 2722 912 2751 a
943 2721 1028 2751 se:
1059 2706 1235 2764 ‘trying
1266 2712 1316 2751 to

416 2783 574 2839 repel.'

504 2860 544 2903 8.
576 2856 845 2913 DiscipIina
895 2856 1132 2900 rhetorica
1150 2868 1166 2901 .·
1209 2858 1219 2876 ⁸
1237 2855 1318 2899 the

416 2939 487 2978 art
508 2931 562 2976 of
586 2931 817 2976 rhetoric!

504 3009 545 3052 8.
583 3007 695 3050 Cum
714 3009 852 3049 astu:
872 3007 882 3026 ‘
898 3005 1156 3062 shrewdly‚'
1179 3006 1320 3048 'cun-

417 3081 606 3139 ningly.'

504 3171 547 3214 9.
586 3156 749 3200 Citra:
782 3153 1028 3199 ‘without.⁰

480 3243 547 3276 11.
579 3229 798 3274 Eludas:
832 3230 954 3271 ‘one
978 3240 1086 3283 may
1108 3227 1289 3272 evade!

482 3316 548 3359 14.
587 3303 774 3346 Diluit:
809 3301 919 3345 ‘did
940 3300 1099 3356 away.’

483 3389 549 3432 14.
580 3376 636 3419 In
653 3374 842 3418 Palatio
856 3386 874 3420 .·
905 3376 915 3394 ⁸
931 3386 996 3418 on
1012 3373 1091 3416 the
1109 3373 1320 3418 Palatine

1423 2408 1553 2460 Hill‚’
1573 2408 1686 2451 then
1708 2407 1787 2451 the
1808 2406 2110 2452 fashionable
2134 2415 2335 2465 quarter-

1421 2482 1475 2527 of
1501 2483 1671 2527 Rome.

1481 2568 1548 2614 15.
1573 2558 1633 2610 P.
1678 2557 1850 2603 Sulla:
1903 2557 2107 2614 nephew
2156 2558 2213 2602 of
2252 2558 2337 2602 the

1418 2638 1551 2688 great
1610 2631 1813 2675 dictator
1871 2631 1925 2675 of
1995 2633 2098 2676 that
2171 2645 2336 2679 name.

1420 2706 1644 2762 Charged
1685 2705 1793 2749 with
1838 2705 2113 2763 complicity
2157 2706 2209 2751 in
2252 2708 2336 2753 the

1420 2781 1700 2838 conspiracy
1746 2780 1798 2825 of
1845 2780 2066 2834 Catiline,
2117 2781 2184 2825 he
2235 2795 2336 2827 was

1420 2854 1659 2899 defended
1729 2854 1791 2911 by
1863 2855 2159 2900 Hortensius
2234 2857 2337 2900 and

1421 2930 1607 2983 Cicero,
1649 2929 1746 2973 and
1787 2929 2045 2986 acquitted.
2108 2929 2187 2975 Cf.
2229 2931 2332 2976 Sal.

1421 3004 1524 3050 Cat.
1554 3017 1622 3061 17.

1481 3080 1549 3124 16.
1583 3080 1711 3123 Reus
1729 3094 1748 3123 .·
1788 3081 1798 3100 ⁴
1818 3080 1973 3123 under
2014 3078 2333 3133 accusation,'

1420 3156 1475 3197 ‘a
1495 3152 1782 3199 defendant!
2301 3145 2306 3151 ¹

1481 3229 1548 3274 16.
1580 3230 1789 3274 Mutua:
1822 3231 1832 3248 ⁴
1849 3241 1903 3272 as
1925 3241 1955 3272 a
1978 3229 2120 3274 loan.'

1482 3304 1549 3347 16.
1581 3304 1852 3346 Sesterte'um
1894 3304 2072 3347 videns
2094 3318 2112 3351 .·
2164 3320 2335 3362 2900,—

1421 3389 1514 3420 ooo
1533 3383 1776 3431 sesterces,
1800 3377 1949 3422 about
1971 3376 2216 3435 3100900.
