2475 3617
572 184 759 267 Fzfly
809 184 1058 250 Stories
1083 186 1272 268 from
1318 184 1539 249 Aulus
1591 184 1857 250 Gellius'
2070 204 2150 268 41

882 485 1005 540 29.
1058 488 1149 552 (N.
1182 489 1245 537 A.
1278 489 1397 537 vn.
1426 488 1525 551 1v.)

253 650 389 713 Quid
424 651 559 699 idem
592 650 793 700 Tubero
827 666 987 700 novae
1022 650 1262 700 historiae
1303 652 1367 700 de
1407 651 1564 700 Atilio
1604 651 1801 715 Regulo
1840 667 1871 701 a
1898 652 2156 716 Carthagi-

339 734 593 782 niensibus
616 740 764 797 capto
786 733 962 782 litteris
984 734 1296 783 mandaverit
1304 752 1319 793 ;
1364 734 1485 798 quid
1520 733 1672 783 etiam
1704 735 1982 784 Tuditanus
2009 750 2158 800 super

335 817 515 865 eodem
541 816 738 879 Regulo
761 816 1024 881 scripserit.

332 962 515 1037 Quod
550 964 686 1022 satis
723 963 960 1023 celebre
1004 974 1092 1022 est
1121 963 1197 1021 de
1226 964 1407 1022 Atilio
1452 965 1701 1040 Regulo,
1733 963 1794 1022 id
1823 965 2157 1041 nuperrime
2231 993 2251 1039 5

250 1061 497 1136 legimus
527 1062 811 1136 scriptum
841 1061 898 1119 in
928 1060 1208 1119 Tuditani
1236 1062 1397 1120 libris
1422 1084 1433 1121 ι
1481 1063 1775 1137 Regulum
1806 1072 2046 1138 captum
2077 1065 2155 1123 ad
2221 1115 2234 1127 ,,

182 1219 189 1224 ,
247 1175 340 1230 ea,
369 1176 521 1232 quae
551 1158 612 1215 in
640 1161 845 1217 senatu
886 1160 1116 1218 Romae
1158 1158 1307 1217 dixit
1351 1158 1623 1232 suadenS,
1652 1178 1727 1218 ne
1756 1161 1973 1236 captivi
2015 1180 2150 1219 cum

248 1256 832 1331 Carthaginiensibus
888 1267 1376 1332 permutarentur,
1420 1256 1481 1315 id
1538 1276 1776 1333 quoque
1833 1257 2149 1332 addidisse,

246 1371 543 1412 venenum
573 1354 682 1414 sibi
706 1355 1223 1430 Carthaginienses
1251 1354 1508 1426 dedisse,
1528 1374 1647 1413 non
1671 1357 2149 1430 praesentarium,

246 1451 354 1510 sed
395 1451 688 1511 eiusmodi
727 1452 893 1527 quod
937 1463 1189 1511 mortem
1235 1453 1295 1511 in
1342 1452 1503 1511 diem
1546 1454 1855 1528 proferret,
1897 1472 1970 1512 eo
2012 1472 2153 1513 con·
2203 1482 2254 1512 10

246 1549 397 1621 silio,
421 1560 487 1608 ut
514 1550 737 1609 viveret
764 1550 1008 1624 quidem
1038 1551 1326 1626 tantisper
1353 1549 1551 1626 quoad
1582 1550 1747 1609 fieret
1777 1553 2150 1626 permutatio,

244 1657 384 1723 post
412 1658 611 1706 autem
639 1659 937 1723 grassante
969 1649 1186 1706 sensim
1216 1667 1447 1707 veneno
1477 1649 1940 1709 contabesceret.

328 1745 603 1803 Eundem
633 1747 927 1821 Regulum
955 1747 1193 1805 Tubero
1224 1747 1285 1803 in
1313 1746 1566 1805 historiis
1601 1746 1823 1805 redisse
1845 1748 2147 1823 Carthagi-

240 1861 384 1901 nem
427 1844 713 1920 novisque
757 1844 1160 1919 exemplorum
1206 1843 1399 1903 modis
1443 1845 1838 1902 excruciatum
1869 1864 1903 1902 a
1937 1847 2150 1905 Poenis

242 1940 426 2000 dicit:
476 1942 549 1999 In
577 1952 748 2014 atras,
773 1942 981 2016 inquit,
1010 1952 1069 1999 et
1092 1941 1413 2017 profundas
1446 1943 1717 2001 tenebras
1750 1961 1883 2000 eum
1914 1943 2150 2002 claude·
2198 1970 2245 2016 15

240 2038 388 2098 bant
416 2057 487 2096 ac
516 2038 620 2097 diu
651 2049 803 2114 post,
828 2039 929 2098 ubi
958 2050 1082 2098 erat
1109 2040 1263 2098 visus
1292 2040 1379 2098 sol
1414 2039 1873 2111 ardentissimuS,
1905 2051 2146 2115 repente

240 2135 581 2195 educebant
610 2147 669 2195 et
698 2137 974 2195 adversus
1008 2138 1159 2196 ictus
1202 2138 1339 2195 solis
1381 2139 1717 2213 oppositum
1762 2139 2147 2198 continebant

239 2245 419 2310 atque
455 2234 764 2293 intendere
809 2236 870 2292 in
911 2235 1139 2293 caelum
1184 2236 1388 2293 oculos
1431 2237 1742 2311 cogebant.
1829 2236 2145 2311 Palpebras

237 2350 482 2408 quoque
538 2333 681 2405 eiuS‚
731 2351 806 2391 ne
862 2334 1138 2391 conivere
1193 2343 1413 2408 posset,
1460 2352 1682 2392 sursum
1741 2352 1810 2391 ac
1867 2333 2143 2392 deorsum

236 2429 517 2488 diductas
567 2431 894 2490 insuebant.
979 2430 1308 2489 Tuditanus
1354 2442 1550 2489 autem
1601 2450 1812 2490 somno
1862 2430 1963 2488 diu
2011 2450 2144 2507 pro·
2190 2459 2245 2490 20

233 2529 491 2588 bibitum
521 2539 699 2605 atque
728 2531 810 2587 ita
838 2530 955 2588 vita
997 2529 1288 2604 privatum
1335 2529 1530 2601 refert,
1559 2529 1739 2604 idque
1767 2529 1869 2588 ubi
1913 2530 2142 2589 Romae

231 2627 542 2703 cognitum
606 2637 711 2700 est,
767 2627 1160 2686 nobilissimos
1223 2627 1554 2685 Poenorum
1626 2627 1892 2702 captivos
1947 2627 2143 2687 liberis

298 2816 339 2848 2.
382 2803 590 2848 Tubero:
637 2815 717 2847 see
747 2808 860 2847 note
891 2814 955 2846 on
984 2815 1030 2859 p.
1062 2814 1138 2857 40,
1302 2812 1368 2845 ro.
1401 2801 1458 2843 ln
1479 2800 1602 2844 diem
1620 2813 1637 2847 .·
1671 2799 1817 2844 ‘from
1839 2801 1932 2857 day
1952 2806 2002 2845 to
2019 2800 2138 2858 day,'

229 2879 262 2923 1.
293 2890 360 2922 1o.
1241 2876 1251 2894 ‘
1266 2875 1547 2932 gradually.'

298 2964 339 2997 2.
370 2951 551 3009 Regulo
567 2964 584 2997 .·
628 2963 710 2995 see
745 2956 857 2995 note
888 2963 952 2995 on
984 2964 1031 3007 p.
1064 2964 1136 3007 40,
1300 2961 1368 2995 12.
1408 2951 1659 2994 Grassante
1714 2949 1884 2993 sensim
1931 2963 2104 2994 veneno
2119 2962 2136 2997 .·

229 3029 263 3073 l.
297 3038 370 3083 13.
1238 3026 1250 3044 ⁴
1267 3023 1330 3080 by
1355 3024 1435 3069 the
1464 3024 1664 3081 gradual
1696 3024 1945 3081 operation
1976 3024 2032 3068 of
2058 3023 2138 3068 the

294 3114 337 3158 3.
382 3100 672 3146 Tuditanus:
722 3099 778 3145 C.
819 3098 1134 3156 Sempronius
1237 3097 1439 3155 poison.'

227 3174 522 3227 Tuditanus,
553 3174 725 3219 author
756 3172 811 3217 of
835 3186 866 3217 a
895 3172 1134 3217 historica]
1299 3175 1365 3218 18.
1396 3173 1685 3231 Palpebras:
1718 3172 1952 3230 ‘eyelids.'

223 3249 381 3303 work,
403 3249 570 3294 consul
595 3261 678 3305 129
699 3256 791 3293 B.C.
1298 3260 1366 3303 19.
1405 3248 1654 3291 Coniverc:
1677 3250 1749 3291 ‘to
1767 3248 1896 3291 close
1910 3248 1984 3293 his
1999 3249 2134 3305 eyes!

290 3338 333 3381 9.
364 3323 782 3368 Haesentarium:
835 3322 1135 3366 ‘immediate
1295 3334 1365 3366 20.
1397 3321 1646 3366 Insuebant
1666 3334 1683 3366 .·
1759 3324 1768 3340 ‘
1793 3322 1902 3379 they
1977 3324 2134 3367 sewed

225 3400 283 3445 in
306 3397 474 3444 effect!
1235 3393 1353 3441 fast?
