2475 3617
418 145 461 207 6
735 146 919 228 Fg'fty
968 146 1221 209 Stories
1247 147 1432 228 from
1479 145 1701 208 Aulus
1750 146 2008 209 Gellius

1058 428 1132 483 5.
1176 430 1268 495 (N.
1312 432 1375 479 A.
1412 431 1453 479 Ι.
1489 430 1669 493 xxm.)

413 595 536 658 Quis
574 594 721 643 suerit
768 593 1005 657 Papirius·
1038 594 1401 652 Praetextatus3
1458 610 1586 657 quae
1629 594 1767 642 istius
1808 610 1957 643 causa
2001 597 2323 657 cognomenti

495 678 556 725 sit
567 695 580 736 ;
648 676 951 741 historiaque
1000 676 1095 723 ista
1136 677 1298 724 omnis
1344 691 1492 739 super
1534 677 1714 725 eodem
1757 677 1952 740 Papirio
1997 678 2207 739 cognitu
2250 679 2321 727 iu·

497 760 676 808 cunda.

315 932 335 978 5
498 907 762 964 Historia
811 905 887 964 de
937 905 1171 981 Papirio
1225 907 1597 964 Praetextato
1643 906 1803 964 dicta
1846 906 2182 982 scriptaque
2232 918 2323 966 est

413 1022 450 1061 a
492 1006 577 1062 M.
610 1004 839 1062 Catone
882 1004 942 1060 in
985 1004 1270 1074 oratione,
1302 1021 1421 1077 qua
1453 1022 1588 1061 usus
1625 1013 1712 1061 est
1748 1002 1824 1060 ad
1861 1004 2073 1062 milites
2115 1016 2323 1063 contra

415 1101 685 1172 Galbam,
717 1119 853 1158 cum
892 1102 1072 1158 multa
1110 1102 1355 1176 quidem
1397 1111 1700 1159 venustate
1745 1111 1922 1177 atque
1967 1102 2097 1159 luce
2141 1112 2320 1178 atque

416 1199 703 1257 munditia
757 1200 1088 1257 verborum.
1197 1200 1287 1255 Ea
1350 1199 1593 1257 Catonis
1649 1198 1828 1258 verba
1883 1199 2020 1256 huic
2084 1218 2322 1274 prorsus

413 1297 840 1355 commentario
897 1295 1262 1367 indidissem,
1308 1296 1354 1353 si
1403 1296 1535 1354 libri
1584 1298 1758 1371 copia
1808 1296 2007 1354 fuisset
2056 1296 2119 1354 id
2169 1307 2320 1355 tem-

315 1422 367 1452 ιο
410 1396 588 1469 poriS,
640 1412 776 1451 curn
829 1394 976 1451 haec
1028 1393 1264 1452 dictavi.
1353 1393 1534 1467 Quod
1585 1395 1632 1451 si
1681 1412 1802 1452 non
1846 1395 2085 1452 virtutes
2128 1394 2321 1469 digni-

413 1502 680 1566 tatesque
737 1493 1066 1563 verborum,
1127 1492 1231 1550 sed
1290 1510 1416 1549 rem
1475 1492 1661 1566 ipsam
1719 1492 1867 1549 scire
1924 1492 2173 1565 quaeriS,
2227 1512 2320 1551 res

414 1589 596 1646 ferme
660 1589 736 1647 ad
799 1589 954 1646 hu'nc
983 1665 989 1669 ,
1018 1589 1262 1647 modum
1327 1598 1450 1647 est:
1521 1591 1656 1647 Mos
1718 1600 1892 1647 antea
1949 1590 2318 1653 senatoribus

412 1689 642 1745 Romae
701 1687 825 1758 fuit,
877 1688 937 1743 in
992 1687 1215 1744 curiam
1267 1705 1404 1744 cum
1452 1688 1831 1761 praetextatis
1880 1688 2011 1745 filiis
2059 1688 2319 1747 introire.

410 1787 583 1856 Tum,
643 1803 779 1841 cum
834 1785 895 1841 in
957 1795 1160 1842 senatu
1219 1803 1309 1841 res
1374 1786 1557 1842 maior
1612 1786 1926 1861 quaepiam
1990 1786 2323 1843 consultata

314 1907 362 1954 15
410 1900 597 1956 eaque
641 1882 699 1939 in
745 1881 908 1940 diem
950 1892 1252 1957 posterum
1298 1882 1523 1956 prolata
1566 1891 1654 1939 est
1695 1883 2051 1958 placuitque,
2082 1893 2147 1940 ut
2183 1902 2320 1941 earn

411 1998 555 2050 rem,
599 1997 776 2054 super
817 1997 934 2053 qua
978 1980 1400 2050 tractavissent,
1447 1997 1521 2036 ne
1573 1980 1702 2054 quis
1754 1981 2082 2038 enuntiaret
2130 1982 2323 2055 prius·-

410 2095 588 2151 quam
617 2076 860 2134 decreta
889 2086 1061 2149 esset,
1095 2086 1282 2133 mater
1312 2077 1523 2151 Papirii
1555 2078 1738 2151 pueri,
1772 2079 1870 2152 qui
1902 2096 2038 2135 cum
2068 2090 2319 2154 parente

411 2193 518 2233 suo
567 2176 626 2232 in
675 2176 834 2232 curia
885 2175 1090 2245 suerat,
1137 2184 1483 2249 percontata
1534 2185 1623 2232 est
1671 2175 1874 2246 filium,
1921 2175 2205 2250 quidnam
2259 2178 2322 2234 in

409 2282 615 2330 senatu
658 2283 853 2347 patres
897 2274 1171 2348 egissent.
1258 2274 1408 2329 Puer
1456 2272 1779 2346 respondit,
1825 2272 2144 2331 tacendum
2189 2292 2321 2331 esse

308 2397 364 2427 20
406 2388 598 2444 neque
657 2369 718 2426 id
775 2369 894 2427 dici
948 2370 1142 2428 licere.
1251 2370 1465 2426 Mulier
1534 2370 1598 2426 fit
1669 2370 1959 2452 audiendi.
2006 2370 2320 2444 cupidior;

467 2547 508 2591 6.
539 2548 612 2591 M.
642 2547 841 2593 Catone:
876 2546 956 2590 the
986 2545 1175 2590 famous
1200 2559 1310 2589 cen·
1498 2560 1539 2602 9.
1573 2546 1709 2590 Libri
1725 2547 1857 2604 copia
1878 2562 1895 2591 .·
1978 2548 2254 2604 pportunity
2272 2556 2324 2593 to

410 2634 504 2675 sor,
526 2633 728 2678 234-149
750 2628 842 2666 ΒΩ.
1412 2621 1597 2665 consult
1619 2621 1698 2665 the
1718 2621 1879 2666 book.'

466 2697 507 2741 6.
550 2695 669 2739 Usus
689 2700 789 2739 est:
818 2695 1114 2740 ‘delivered.'
1473 2709 1539 2741 12.
1573 2696 1727 2740 Antea
1745 2708 1762 2742 :
1796 2696 1870 2740 ‘in
1893 2695 2067 2740 former
2089 2696 2260 2742 times·

464 2785 507 2826 7.
548 2770 778 2815 Galbam:
811 2770 913 2815 Ser.
935 2769 1171 2826 Sulpicius
1199 2769 1311 2814 Gal·
1474 2783 1540 2827 13.
1570 2771 1922 2814 praetextatis:
1971 2770 2060 2814 still
2107 2772 2328 2829 wearing

408 2846 472 2889 ba
513 2844 867 2901 treacherously
911 2845 1184 2888 massacred
1228 2844 1308 2888 the
1409 2846 1488 2887 the
1529 2843 1877 2900 purple-edged
1921 2848 2033 2899 toga
2078 2842 2133 2886 of
2174 2845 2330 2888 child·
2459 2828 2463 2854 ⁸

411 2918 716 2964 Lusitanians
779 2918 887 2962 who
959 2918 1055 2962 had
1124 2931 1312 2962 surren-
1412 2917 1557 2971 hood,
1576 2917 1676 2961 that
1693 2917 1745 2971 is,
1764 2917 1961 2975 usually,
1981 2917 2136 2962 under
2152 2931 2327 2962 seven-

411 2995 559 3039 dered
580 2999 629 3037 to
651 2992 766 3046 him,
788 2994 887 3037 and
907 3006 1003 3037 was
1027 2993 1231 3049 brought
1262 2999 1311 3036 to
1416 2998 1524 3036 teen
1544 3005 1680 3049 years
1701 2991 1755 3036 of
1779 3005 1883 3049 age.

412 3068 519 3112 trial
550 3069 600 3111 in
634 3080 716 3123 149
746 3075 855 3121 B.C.,
875 3068 974 3121 but,
1004 3066 1185 3123 though
1218 3066 1316 3123 vig-
1480 3079 1546 3123 14.
1578 3068 1745 3110 Malor
1763 3080 1779 3112 .·
1814 3066 2127 3124 ‘important.'

409 3141 606 3199 orously
639 3142 930 3187 denounced
960 3142 1023 3199 by
1056 3141 1192 3194 Cato,
1217 3154 1315 3185 was
1480 3152 1545 3198 15.
1576 3141 1809 3186 Prolata:
1849 3142 2176 3198 ‘postponed‚’
2208 3144 2219 3163 ⁴
2239 3143 2330 3187 ad-

408 3216 666 3274 acquitted.
1413 3215 1653 3273 journed.'

466 3306 507 3348 7.
552 3292 807 3345 Vetustate,
867 3290 980 3343 luce,
1049 3290 1281 3334 mundite'a
1297 3303 1313 3335 .·
1479 3303 1544 3346 17.
1576 3292 1777 3334 Parente
1793 3304 1811 3337 .·
1845 3294 1854 3311 ‘
1868 3291 2044 3336 father.'

411 3365 619 3419 ¹charm,
639 3363 898 3421 brilliancy‚
924 3364 1177 3420 elegance:
1479 3366 1544 3409 18.
1575 3366 1853 3409 Percontata
1873 3371 1972 3409 est:
2002 3365 2215 3411 ‘asked.’
