<?xml version="1.0" encoding="UTF-8"?>
<!DOCTYPE html PUBLIC "-//W3C//DTD XHTML 1.0 Transitional//EN"
    "http://www.w3.org/TR/xhtml1/DTD/xhtml1-transitional.dtd">
<html xmlns="http://www.w3.org/1999/xhtml" xml:lang="en" lang="en">
 <head>
  <title>
</title>
<meta http-equiv="Content-Type" content="text/html;charset=utf-8" />
  <meta name='ocr-system' content='tesseract 3.04.00' />
  <meta name='ocr-capabilities' content='ocr_page ocr_carea ocr_par ocr_line ocrx_word'/>
</head>
<body>
  <div class='ocr_page' id='page_1' title='image "./fiftystoriesfro00gellgoog/fiftystoriesfro00gellgoog_0059.png"; bbox 0 0 2475 3617; ppageno 0'>
   <div class='ocr_carea' id='block_1_1' title="bbox 517 153 2096 236">
    <p class='ocr_par' dir='ltr' id='par_1_1' title="bbox 517 153 2096 236">
     <span class='ocr_line' id='line_1_1' title="bbox 517 153 2096 236; baseline -0.001 -19"><span class='ocrx_word' id='word_1_1' title='bbox 517 154 699 236; x_wconf 77' lang='lat' dir='ltr'>szty</span> <span class='ocrx_word' id='word_1_2' title='bbox 748 153 994 217; x_wconf 81' lang='lat' dir='ltr'>Stories</span> <span class='ocrx_word' id='word_1_3' title='bbox 1016 154 1204 236; x_wconf 85' lang='lat' dir='ltr'>from</span> <span class='ocrx_word' id='word_1_4' title='bbox 1252 153 1472 217; x_wconf 83' lang='lat' dir='ltr'><em>Aulus</em></span> <span class='ocrx_word' id='word_1_5' title='bbox 1523 154 1778 217; x_wconf 82' lang='lat' dir='ltr'><em>Gellius</em></span> <span class='ocrx_word' id='word_1_6' title='bbox 2015 170 2096 234; x_wconf 89' lang='lat'>43</span> 
     </span>
    </p>
   </div>
   <div class='ocr_carea' id='block_1_2' title="bbox 189 350 2199 1015">
    <p class='ocr_par' dir='ltr' id='par_1_2' title="bbox 189 350 2199 1015">
     <span class='ocr_line' id='line_1_2' title="bbox 192 350 2101 427; baseline -0.001 -16"><span class='ocrx_word' id='word_1_7' title='bbox 192 352 460 411; x_wconf 87' lang='lat' dir='ltr'><strong>Athenas</strong></span> <span class='ocrx_word' id='word_1_8' title='bbox 504 350 582 409; x_wconf 90' lang='lat' dir='ltr'>ad</span> <span class='ocrx_word' id='word_1_9' title='bbox 628 352 931 410; x_wconf 87' lang='lat' dir='ltr'>Socratem</span> <span class='ocrx_word' id='word_1_10' title='bbox 978 350 1372 422; x_wconf 86' lang='lat' dir='ltr'>commeabat,</span> <span class='ocrx_word' id='word_1_11' title='bbox 1418 361 1483 409; x_wconf 92' lang='lat' dir='ltr'>ut</span> <span class='ocrx_word' id='word_1_12' title='bbox 1528 351 1621 409; x_wconf 90' lang='lat' dir='ltr'>vel</span> <span class='ocrx_word' id='word_1_13' title='bbox 1670 351 1862 409; x_wconf 92' lang='lat' dir='ltr'>noctis</span> <span class='ocrx_word' id='word_1_14' title='bbox 1904 351 2101 427; x_wconf 88' lang='lat' dir='ltr'>aliquo</span> 
     </span>
     <span class='ocr_line' id='line_1_3' title="bbox 192 448 2101 525; baseline -0.001 -16"><span class='ocrx_word' id='word_1_15' title='bbox 192 461 468 525; x_wconf 88' lang='lat' dir='ltr'>tempore</span> <span class='ocrx_word' id='word_1_16' title='bbox 496 449 876 508; x_wconf 89' lang='lat' dir='ltr'>consiliorum</span> <span class='ocrx_word' id='word_1_17' title='bbox 915 466 1371 522; x_wconf 85' lang='lat' dir='ltr'>sermonumque</span> <span class='ocrx_word' id='word_1_18' title='bbox 1415 448 1539 506; x_wconf 89' lang='lat' dir='ltr'>eius</span> <span class='ocrx_word' id='word_1_19' title='bbox 1580 449 1747 507; x_wconf 90' lang='lat' dir='ltr'>fieret</span> <span class='ocrx_word' id='word_1_20' title='bbox 1789 450 2101 524; x_wconf 82' lang='lat' dir='ltr'>particepS‚</span> 
     </span>
     <span class='ocr_line' id='line_1_4' title="bbox 192 547 2103 623; baseline -0.001 -17"><span class='ocrx_word' id='word_1_21' title='bbox 192 566 508 623; x_wconf 87' lang='lat' dir='ltr'>rursusque</span> <span class='ocrx_word' id='word_1_22' title='bbox 538 548 647 606; x_wconf 91' lang='lat' dir='ltr'>sub</span> <span class='ocrx_word' id='word_1_23' title='bbox 682 548 874 605; x_wconf 91' lang='lat' dir='ltr'>lucem</span> <span class='ocrx_word' id='word_1_24' title='bbox 910 548 1068 605; x_wconf 91' lang='lat' dir='ltr'>milia</span> <span class='ocrx_word' id='word_1_25' title='bbox 1101 565 1379 623; x_wconf 89' lang='lat' dir='ltr'>passuum</span> <span class='ocrx_word' id='word_1_26' title='bbox 1412 547 1589 622; x_wconf 87' lang='lat' dir='ltr'>paulo</span> <span class='ocrx_word' id='word_1_27' title='bbox 1623 547 1872 622; x_wconf 87' lang='lat' dir='ltr'>amplius</span> <span class='ocrx_word' id='word_1_28' title='bbox 1900 548 2103 622; x_wconf 87' lang='lat' dir='ltr'>viginti</span> 
     </span>
     <span class='ocr_line' id='line_1_5' title="bbox 192 645 2101 720; baseline 0 -16"><span class='ocrx_word' id='word_1_29' title='bbox 192 646 411 705; x_wconf 87' lang='lat' dir='ltr'>eadem</span> <span class='ocrx_word' id='word_1_30' title='bbox 435 656 598 704; x_wconf 90' lang='lat' dir='ltr'>veste</span> <span class='ocrx_word' id='word_1_31' title='bbox 626 646 723 704; x_wconf 86' lang='lat' dir='ltr'>illa</span> <span class='ocrx_word' id='word_1_32' title='bbox 752 655 943 704; x_wconf 89' lang='lat' dir='ltr'>tectus</span> <span class='ocrx_word' id='word_1_33' title='bbox 971 645 1218 704; x_wconf 88' lang='lat' dir='ltr'>redibat.</span> <span class='ocrx_word' id='word_1_34' title='bbox 1302 647 1382 703; x_wconf 91' lang='lat' dir='ltr'>At</span> <span class='ocrx_word' id='word_1_35' title='bbox 1406 647 1602 717; x_wconf 92' lang='lat' dir='ltr'>nunc,&#39;</span> <span class='ocrx_word' id='word_1_36' title='bbox 1627 646 1836 720; x_wconf 92' lang='lat' dir='ltr'>inquit,</span> <span class='ocrx_word' id='word_1_37' title='bbox 1866 648 1883 677; x_wconf 87' lang='lat'>‘</span> <span class='ocrx_word' id='word_1_38' title='bbox 1900 645 2101 704; x_wconf 87' lang='lat' dir='ltr'>videre</span> 
     </span>
     <span class='ocr_line' id='line_1_6' title="bbox 191 741 2199 819; baseline -0.001 -17"><span class='ocrx_word' id='word_1_39' title='bbox 191 755 303 816; x_wconf 91' lang='lat' dir='ltr'>est,</span> <span class='ocrx_word' id='word_1_40' title='bbox 335 744 722 819; x_wconf 91' lang='lat' dir='ltr'>philosophos</span> <span class='ocrx_word' id='word_1_41' title='bbox 765 744 916 802; x_wconf 91' lang='lat' dir='ltr'>ultro</span> <span class='ocrx_word' id='word_1_42' title='bbox 961 761 1214 815; x_wconf 87' lang='lat' dir='ltr'>currere,</span> <span class='ocrx_word' id='word_1_43' title='bbox 1245 753 1310 801; x_wconf 92' lang='lat' dir='ltr'>ut</span> <span class='ocrx_word' id='word_1_44' title='bbox 1338 742 1612 815; x_wconf 89' lang='lat' dir='ltr'>doceant,</span> <span class='ocrx_word' id='word_1_45' title='bbox 1644 742 1722 800; x_wconf 92' lang='lat' dir='ltr'>ad</span> <span class='ocrx_word' id='word_1_46' title='bbox 1757 741 1928 801; x_wconf 77' lang='lat' dir='ltr'>fores‘</span> <span class='ocrx_word' id='word_1_47' title='bbox 1949 743 2105 801; x_wconf 90' lang='lat' dir='ltr'>iuve-</span> <span class='ocrx_word' id='word_1_48' title='bbox 2178 770 2199 817; x_wconf 83' lang='lat'><strong>5</strong></span> 
     </span>
     <span class='ocr_line' id='line_1_7' title="bbox 189 840 2103 916; baseline -0.001 -17"><span class='ocrx_word' id='word_1_49' title='bbox 189 860 338 899; x_wconf 91' lang='lat' dir='ltr'>num</span> <span class='ocrx_word' id='word_1_50' title='bbox 368 841 618 901; x_wconf 89' lang='lat' dir='ltr'>divitum</span> <span class='ocrx_word' id='word_1_51' title='bbox 662 859 884 916; x_wconf 86' lang='lat' dir='ltr'>eosque</span> <span class='ocrx_word' id='word_1_52' title='bbox 924 842 1007 900; x_wconf 91' lang='lat' dir='ltr'>ibi</span> <span class='ocrx_word' id='word_1_53' title='bbox 1049 840 1258 899; x_wconf 91' lang='lat' dir='ltr'>sedere</span> <span class='ocrx_word' id='word_1_54' title='bbox 1302 852 1481 916; x_wconf 91' lang='lat' dir='ltr'>atque</span> <span class='ocrx_word' id='word_1_55' title='bbox 1523 840 1780 915; x_wconf 90' lang='lat' dir='ltr'>opperiri</span> <span class='ocrx_word' id='word_1_56' title='bbox 1808 858 1996 915; x_wconf 91' lang='lat' dir='ltr'>prope</span> <span class='ocrx_word' id='word_1_57' title='bbox 2025 840 2103 898; x_wconf 87' lang='lat' dir='ltr'>ad</span> 
     </span>
     <span class='ocr_line' id='line_1_8' title="bbox 189 936 2101 1015; baseline 0 -18"><span class='ocrx_word' id='word_1_58' title='bbox 189 939 528 1012; x_wconf 88' lang='lat' dir='ltr'>meridiem,</span> <span class='ocrx_word' id='word_1_59' title='bbox 557 939 754 998; x_wconf 92' lang='lat' dir='ltr'>donec</span> <span class='ocrx_word' id='word_1_60' title='bbox 783 938 1057 1015; x_wconf 85' lang='lat' dir='ltr'>discipuli</span> <span class='ocrx_word' id='word_1_61' title='bbox 1092 949 1447 997; x_wconf 91' lang='lat' dir='ltr'>nocturnum</span> <span class='ocrx_word' id='word_1_62' title='bbox 1492 956 1671 997; x_wconf 91' lang='lat' dir='ltr'>omne</span> <span class='ocrx_word' id='word_1_63' title='bbox 1699 939 1899 997; x_wconf 88' lang='lat' dir='ltr'>vinum</span> <span class='ocrx_word' id='word_1_64' title='bbox 1929 936 2101 997; x_wconf 90' lang='lat' dir='ltr'>edor-</span> 
     </span>
    </p>
   </div>
   <div class='ocr_carea' id='block_1_3' title="bbox 189 1036 422 1096">
    <p class='ocr_par' dir='ltr' id='par_1_3' title="bbox 189 1036 422 1096">
     <span class='ocr_line' id='line_1_9' title="bbox 189 1036 422 1096; baseline 0.004 -1"><span class='ocrx_word' id='word_1_65' title='bbox 189 1036 422 1096; x_wconf 84' lang='lat' dir='ltr'>miant.&#39;</span> 
     </span>
    </p>
   </div>
   <div class='ocr_carea' id='block_1_4' title="bbox 853 1255 1459 1322">
    <p class='ocr_par' dir='ltr' id='par_1_4' title="bbox 853 1255 1459 1322">
     <span class='ocr_line' id='line_1_10' title="bbox 853 1255 1459 1322; baseline -0.005 -11"><span class='ocrx_word' id='word_1_66' title='bbox 853 1255 978 1311; x_wconf 86' lang='lat'>31.</span> <span class='ocrx_word' id='word_1_67' title='bbox 1031 1258 1123 1322; x_wconf 88' lang='lat' dir='ltr'>(N.</span> <span class='ocrx_word' id='word_1_68' title='bbox 1147 1260 1209 1308; x_wconf 92' lang='lat' dir='ltr'>A.</span> <span class='ocrx_word' id='word_1_69' title='bbox 1234 1259 1326 1307; x_wconf 89' lang='lat' dir='ltr'>IX.</span> <span class='ocrx_word' id='word_1_70' title='bbox 1352 1257 1459 1322; x_wconf 90' lang='lat'>111.)</span> 
     </span>
    </p>
   </div>
   <div class='ocr_carea' id='block_1_5' title="bbox 188 1420 2205 1554">
    <p class='ocr_par' dir='ltr' id='par_1_5' title="bbox 188 1420 2205 1554">
     <span class='ocr_line' id='line_1_11' title="bbox 188 1420 2205 1486; baseline 0.001 -16"><span class='ocrx_word' id='word_1_71' title='bbox 188 1421 424 1486; x_wconf 86' lang='lat' dir='ltr'>Epistula</span> <span class='ocrx_word' id='word_1_72' title='bbox 462 1420 682 1484; x_wconf 91' lang='lat' dir='ltr'>Philippi</span> <span class='ocrx_word' id='word_1_73' title='bbox 719 1420 850 1483; x_wconf 89' lang='lat' dir='ltr'>regis</span> <span class='ocrx_word' id='word_1_74' title='bbox 887 1422 951 1470; x_wconf 86' lang='lat' dir='ltr'>ad</span> <span class='ocrx_word' id='word_1_75' title='bbox 995 1420 1316 1469; x_wconf 88' lang='lat' dir='ltr'>Aristotelem</span> <span class='ocrx_word' id='word_1_76' title='bbox 1362 1420 1719 1484; x_wconf 88' lang='lat' dir='ltr'>philosophum</span> <span class='ocrx_word' id='word_1_77' title='bbox 1766 1436 1915 1485; x_wconf 87' lang='lat' dir='ltr'>super</span> <span class='ocrx_word' id='word_1_78' title='bbox 1959 1421 2105 1471; x_wconf 87' lang='lat' dir='ltr'>Alex·</span> <span class='ocrx_word' id='word_1_79' title='bbox 2152 1442 2205 1474; x_wconf 93' lang='lat'>10</span> 
     </span>
     <span class='ocr_line' id='line_1_12' title="bbox 277 1505 798 1554; baseline -0.002 -2"><span class='ocrx_word' id='word_1_80' title='bbox 277 1505 439 1554; x_wconf 85' lang='lat' dir='ltr'>andro</span> <span class='ocrx_word' id='word_1_81' title='bbox 463 1519 641 1552; x_wconf 89' lang='lat' dir='ltr'>recens</span> <span class='ocrx_word' id='word_1_82' title='bbox 663 1510 798 1552; x_wconf 77' lang='lat' dir='ltr'>nato,</span> 
     </span>
    </p>
   </div>
   <div class='ocr_carea' id='block_1_6' title="bbox 177 1649 2203 2604">
    <p class='ocr_par' dir='ltr' id='par_1_6' title="bbox 177 1649 2203 2604">
     <span class='ocr_line' id='line_1_13' title="bbox 276 1649 2098 1726; baseline 0.001 -19"><span class='ocrx_word' id='word_1_83' title='bbox 276 1650 602 1725; x_wconf 82' lang='lat' dir='ltr'>PhilippuS‚</span> <span class='ocrx_word' id='word_1_84' title='bbox 659 1652 948 1725; x_wconf 89' lang='lat' dir='ltr'>Amyntae</span> <span class='ocrx_word' id='word_1_85' title='bbox 1022 1650 1189 1722; x_wconf 90' lang='lat' dir='ltr'>filius,</span> <span class='ocrx_word' id='word_1_86' title='bbox 1255 1660 1444 1708; x_wconf 92' lang='lat' dir='ltr'>terrae</span> <span class='ocrx_word' id='word_1_87' title='bbox 1520 1649 1913 1709; x_wconf 87' lang='lat' dir='ltr'>Macedoniae</span> <span class='ocrx_word' id='word_1_88' title='bbox 1979 1671 2098 1726; x_wconf 85' lang='lat' dir='ltr'>rex,</span> 
     </span>
     <span class='ocr_line' id='line_1_14' title="bbox 185 1742 2153 1823; baseline 0.001 -17"><span class='ocrx_word' id='word_1_89' title='bbox 185 1748 361 1806; x_wconf 88' lang='lat' dir='ltr'>cuius</span> <span class='ocrx_word' id='word_1_90' title='bbox 422 1748 635 1806; x_wconf 90' lang='lat' dir='ltr'>virtute</span> <span class='ocrx_word' id='word_1_91' title='bbox 702 1748 1101 1823; x_wconf 89' lang='lat' dir='ltr'>industriaque</span> <span class='ocrx_word' id='word_1_92' title='bbox 1149 1749 1423 1806; x_wconf 91' lang='lat' dir='ltr'>Macetae</span> <span class='ocrx_word' id='word_1_93' title='bbox 1475 1748 1937 1823; x_wconf 88' lang='lat' dir='ltr'>locupletissimo</span> <span class='ocrx_word' id='word_1_94' title='bbox 1994 1750 2098 1807; x_wconf 90' lang='lat' dir='ltr'>im-</span> <span class='ocrx_word' id='word_1_95' title='bbox 2141 1742 2153 1754; x_wconf 79' lang='grc'>’</span> 
     </span>
     <span class='ocr_line' id='line_1_15' title="bbox 184 1845 2158 1922; baseline 0.003 -19"><span class='ocrx_word' id='word_1_96' title='bbox 184 1846 364 1922; x_wconf 92' lang='lat' dir='ltr'>perio</span> <span class='ocrx_word' id='word_1_97' title='bbox 407 1846 566 1904; x_wconf 90' lang='lat' dir='ltr'>aucti</span> <span class='ocrx_word' id='word_1_98' title='bbox 615 1846 877 1921; x_wconf 87' lang='lat' dir='ltr'>gentium</span> <span class='ocrx_word' id='word_1_99' title='bbox 921 1845 1345 1920; x_wconf 89' lang='lat' dir='ltr'>nationumque</span> <span class='ocrx_word' id='word_1_100' title='bbox 1389 1846 1703 1903; x_wconf 90' lang='lat' dir='ltr'>multarum</span> <span class='ocrx_word' id='word_1_101' title='bbox 1746 1847 1920 1922; x_wconf 89' lang='lat' dir='ltr'>potiri</span> <span class='ocrx_word' id='word_1_102' title='bbox 1966 1865 2099 1905; x_wconf 90' lang='lat' dir='ltr'>coe·</span> <span class='ocrx_word' id='word_1_103' title='bbox 2153 1905 2158 1909; x_wconf 79' lang='lat'>.</span> 
     </span>
     <span class='ocr_line' id='line_1_16' title="bbox 182 1943 2200 2020; baseline 0 -18"><span class='ocrx_word' id='word_1_104' title='bbox 182 1952 409 2020; x_wconf 90' lang='lat' dir='ltr'>perant</span> <span class='ocrx_word' id='word_1_105' title='bbox 459 1953 519 2001; x_wconf 91' lang='lat' dir='ltr'>et</span> <span class='ocrx_word' id='word_1_106' title='bbox 565 1944 728 2000; x_wconf 91' lang='lat' dir='ltr'>cuius</span> <span class='ocrx_word' id='word_1_107' title='bbox 762 1944 881 2000; x_wconf 91' lang='lat' dir='ltr'>vim</span> <span class='ocrx_word' id='word_1_108' title='bbox 925 1953 1102 2017; x_wconf 89' lang='lat' dir='ltr'>atque</span> <span class='ocrx_word' id='word_1_109' title='bbox 1151 1961 1316 2000; x_wconf 88' lang='lat' dir='ltr'>arma</span> <span class='ocrx_word' id='word_1_110' title='bbox 1358 1943 1465 2001; x_wconf 92' lang='lat' dir='ltr'>toti</span> <span class='ocrx_word' id='word_1_111' title='bbox 1510 1944 1798 2002; x_wconf 90' lang='lat' dir='ltr'>Graeciae</span> <span class='ocrx_word' id='word_1_112' title='bbox 1842 1945 2108 2003; x_wconf 91' lang='lat' dir='ltr'>cavenda</span> <span class='ocrx_word' id='word_1_113' title='bbox 2153 1971 2200 2019; x_wconf 86' lang='lat'>15</span> 
     </span>
     <span class='ocr_line' id='line_1_17' title="bbox 182 2040 2101 2116; baseline 0 -17"><span class='ocrx_word' id='word_1_114' title='bbox 182 2040 634 2116; x_wconf 86' lang='lat' dir='ltr'>metuendaque</span> <span class='ocrx_word' id='word_1_115' title='bbox 692 2040 926 2098; x_wconf 87' lang='lat' dir='ltr'>inclitae</span> <span class='ocrx_word' id='word_1_116' title='bbox 978 2040 1108 2098; x_wconf 91' lang='lat' dir='ltr'>illae</span> <span class='ocrx_word' id='word_1_117' title='bbox 1152 2040 1576 2099; x_wconf 91' lang='lat' dir='ltr'>Demosthenis</span> <span class='ocrx_word' id='word_1_118' title='bbox 1627 2042 1920 2099; x_wconf 89' lang='lat' dir='ltr'>orationes</span> <span class='ocrx_word' id='word_1_119' title='bbox 1961 2060 2101 2100; x_wconf 92' lang='lat' dir='ltr'>con-</span> 
     </span>
     <span class='ocr_line' id='line_1_18' title="bbox 180 2138 2099 2213; baseline -0.001 -15"><span class='ocrx_word' id='word_1_120' title='bbox 180 2139 507 2213; x_wconf 90' lang='lat' dir='ltr'>tionesque</span> <span class='ocrx_word' id='word_1_121' title='bbox 544 2138 878 2210; x_wconf 90' lang='lat' dir='ltr'>vocificant,</span> <span class='ocrx_word' id='word_1_122' title='bbox 907 2138 957 2195; x_wconf 91' lang='lat' dir='ltr'>is</span> <span class='ocrx_word' id='word_1_123' title='bbox 987 2138 1309 2213; x_wconf 91' lang='lat' dir='ltr'>Philippus,</span> <span class='ocrx_word' id='word_1_124' title='bbox 1340 2158 1476 2196; x_wconf 92' lang='lat' dir='ltr'>cum</span> <span class='ocrx_word' id='word_1_125' title='bbox 1509 2139 1566 2195; x_wconf 92' lang='lat' dir='ltr'>in</span> <span class='ocrx_word' id='word_1_126' title='bbox 1595 2139 1758 2197; x_wconf 91' lang='lat' dir='ltr'>omni</span> <span class='ocrx_word' id='word_1_127' title='bbox 1788 2139 1907 2196; x_wconf 89' lang='lat' dir='ltr'>fere</span> <span class='ocrx_word' id='word_1_128' title='bbox 1951 2150 2099 2198; x_wconf 90' lang='lat' dir='ltr'>tem-</span> 
     </span>
     <span class='ocr_line' id='line_1_19' title="bbox 179 2232 2102 2313; baseline 0 -19"><span class='ocrx_word' id='word_1_129' title='bbox 179 2255 343 2313; x_wconf 89' lang='lat' dir='ltr'>pore</span> <span class='ocrx_word' id='word_1_130' title='bbox 400 2232 652 2311; x_wconf 75' lang='lat' dir='ltr'>nego&#39;tiis</span> <span class='ocrx_word' id='word_1_131' title='bbox 711 2236 850 2294; x_wconf 93' lang='lat' dir='ltr'>belli</span> <span class='ocrx_word' id='word_1_132' title='bbox 915 2236 1291 2311; x_wconf 84' lang='lat' dir='ltr'>victoriisque</span> <span class='ocrx_word' id='word_1_133' title='bbox 1358 2235 1625 2294; x_wconf 89' lang='lat' dir='ltr'>adfectus</span> <span class='ocrx_word' id='word_1_134' title='bbox 1696 2236 2102 2312; x_wconf 89' lang='lat' dir='ltr'>exercitusque</span> 
     </span>
     <span class='ocr_line' id='line_1_20' title="bbox 180 2334 2102 2405; baseline 0 -12"><span class='ocrx_word' id='word_1_135' title='bbox 180 2343 371 2405; x_wconf 88' lang='lat' dir='ltr'>esset,</span> <span class='ocrx_word' id='word_1_136' title='bbox 427 2351 463 2391; x_wconf 90' lang='lat' dir='ltr'>a</span> <span class='ocrx_word' id='word_1_137' title='bbox 517 2334 741 2392; x_wconf 90' lang='lat' dir='ltr'>liberali</span> <span class='ocrx_word' id='word_1_138' title='bbox 791 2343 991 2392; x_wconf 90' lang='lat' dir='ltr'>tamen</span> <span class='ocrx_word' id='word_1_139' title='bbox 1047 2335 1221 2392; x_wconf 89' lang='lat' dir='ltr'>Musa</span> <span class='ocrx_word' id='word_1_140' title='bbox 1277 2344 1337 2393; x_wconf 92' lang='lat' dir='ltr'>et</span> <span class='ocrx_word' id='word_1_141' title='bbox 1393 2353 1428 2391; x_wconf 89' lang='lat' dir='ltr'>a</span> <span class='ocrx_word' id='word_1_142' title='bbox 1477 2334 1681 2393; x_wconf 90' lang='lat' dir='ltr'>studiis</span> <span class='ocrx_word' id='word_1_143' title='bbox 1726 2335 2102 2393; x_wconf 87' lang='lat' dir='ltr'>humanitatis</span> 
     </span>
     <span class='ocr_line' id='line_1_21' title="bbox 177 2431 2203 2508; baseline 0 -17"><span class='ocrx_word' id='word_1_144' title='bbox 177 2449 519 2507; x_wconf 90' lang='lat' dir='ltr'>numquam</span> <span class='ocrx_word' id='word_1_145' title='bbox 576 2431 736 2502; x_wconf 88' lang='lat' dir='ltr'>afuit,</span> <span class='ocrx_word' id='word_1_146' title='bbox 793 2432 937 2505; x_wconf 93' lang='lat' dir='ltr'>quin</span> <span class='ocrx_word' id='word_1_147' title='bbox 996 2431 1195 2506; x_wconf 91' lang='lat' dir='ltr'>lepide</span> <span class='ocrx_word' id='word_1_148' title='bbox 1268 2433 1635 2506; x_wconf 89' lang='lat' dir='ltr'>comiterque</span> <span class='ocrx_word' id='word_1_149' title='bbox 1706 2432 1985 2508; x_wconf 89' lang='lat' dir='ltr'>pleraque</span> <span class='ocrx_word' id='word_1_150' title='bbox 2046 2444 2104 2492; x_wconf 90' lang='lat' dir='ltr'>et</span> <span class='ocrx_word' id='word_1_151' title='bbox 2146 2460 2203 2492; x_wconf 86' lang='lat'>20</span> 
     </span>
     <span class='ocr_line' id='line_1_22' title="bbox 178 2527 2099 2604; baseline 0 -15"><span class='ocrx_word' id='word_1_152' title='bbox 178 2531 417 2590; x_wconf 87' lang='lat' dir='ltr'>faceret</span> <span class='ocrx_word' id='word_1_153' title='bbox 447 2538 507 2586; x_wconf 92' lang='lat' dir='ltr'>et</span> <span class='ocrx_word' id='word_1_154' title='bbox 536 2527 781 2586; x_wconf 91' lang='lat' dir='ltr'>diceret.</span> <span class='ocrx_word' id='word_1_155' title='bbox 867 2530 1155 2587; x_wconf 90' lang='lat' dir='ltr'>Feruntur</span> <span class='ocrx_word' id='word_1_156' title='bbox 1182 2529 1337 2588; x_wconf 89' lang='lat' dir='ltr'>adeo</span> <span class='ocrx_word' id='word_1_157' title='bbox 1367 2529 1497 2588; x_wconf 93' lang='lat' dir='ltr'>libri</span> <span class='ocrx_word' id='word_1_158' title='bbox 1536 2530 1913 2604; x_wconf 89' lang='lat' dir='ltr'>epistularum</span> <span class='ocrx_word' id='word_1_159' title='bbox 1956 2530 2099 2604; x_wconf 82' lang='lat' dir='ltr'>eiuS,</span> 
     </span>
    </p>
   </div>
   <div class='ocr_carea' id='block_1_7' title="bbox 332 2650 653 2658">
    <p class='ocr_par' dir='ltr' id='par_1_7' title="bbox 332 2650 653 2658">
     <span class='ocr_line' id='line_1_23' title="bbox 332 2650 653 2658; baseline 0 959"><span class='ocrx_word' id='word_1_160' title='bbox 332 2650 653 2658; x_wconf 95' lang='lat' dir='ltr'> </span> 
     </span>
    </p>
   </div>
   <div class='ocr_carea' id='block_1_8' title="bbox 176 2651 326 2661">
    <p class='ocr_par' dir='ltr' id='par_1_8' title="bbox 176 2651 326 2661">
     <span class='ocr_line' id='line_1_24' title="bbox 176 2651 326 2661; baseline 0 956"><span class='ocrx_word' id='word_1_161' title='bbox 176 2651 326 2661; x_wconf 95' lang='lat' dir='ltr'> </span> 
     </span>
    </p>
   </div>
   <div class='ocr_carea' id='block_1_9' title="bbox 175 2688 2100 3361">
    <p class='ocr_par' dir='ltr' id='par_1_9' title="bbox 175 2688 2100 3361">
     <span class='ocr_line' id='line_1_25' title="bbox 281 2688 1871 2754; baseline 0.001 -3"><span class='ocrx_word' id='word_1_162' title='bbox 281 2719 323 2751; x_wconf 88' lang='lat'>1.</span> <span class='ocrx_word' id='word_1_163' title='bbox 359 2688 470 2752; x_wconf 67' lang='lat' dir='ltr'>Vei:</span> <span class='ocrx_word' id='word_1_164' title='bbox 504 2707 577 2749; x_wconf 83' lang='lat' dir='ltr'>‘at</span> <span class='ocrx_word' id='word_1_165' title='bbox 600 2705 744 2752; x_wconf 64' lang='lat' dir='ltr'>least!</span> <span class='ocrx_word' id='word_1_166' title='bbox 1260 2708 1327 2752; x_wconf 91' lang='lat'>16.</span> <span class='ocrx_word' id='word_1_167' title='bbox 1358 2706 1556 2751; x_wconf 76' lang='lat' dir='ltr'>Inclitae</span> <span class='ocrx_word' id='word_1_168' title='bbox 1577 2723 1594 2751; x_wconf 92' lang='lat'>.·</span> <span class='ocrx_word' id='word_1_169' title='bbox 1624 2707 1871 2754; x_wconf 55' lang='lat' dir='ltr'>&#39;famousl</span> 
     </span>
     <span class='ocr_line' id='line_1_26' title="bbox 274 2780 2100 2842; baseline 0.002 -16"><span class='ocrx_word' id='word_1_170' title='bbox 274 2795 324 2838; x_wconf 90' lang='lat'>4.</span> <span class='ocrx_word' id='word_1_171' title='bbox 368 2780 535 2825; x_wconf 78' lang='lat' dir='ltr'>Videre</span> <span class='ocrx_word' id='word_1_172' title='bbox 556 2785 652 2826; x_wconf 85' lang='lat' dir='ltr'>est:</span> <span class='ocrx_word' id='word_1_173' title='bbox 685 2782 805 2825; x_wconf 88' lang='lat' dir='ltr'>‘one</span> <span class='ocrx_word' id='word_1_174' title='bbox 827 2794 936 2837; x_wconf 90' lang='lat' dir='ltr'>may</span> <span class='ocrx_word' id='word_1_175' title='bbox 957 2780 1066 2827; x_wconf 87' lang='lat' dir='ltr'>see.&#39;</span> <span class='ocrx_word' id='word_1_176' title='bbox 1261 2782 1326 2826; x_wconf 90' lang='lat'>16.</span> <span class='ocrx_word' id='word_1_177' title='bbox 1357 2782 1723 2827; x_wconf 78' lang='lat' dir='ltr'>Demosthenis:</span> <span class='ocrx_word' id='word_1_178' title='bbox 1807 2782 1888 2827; x_wconf 88' lang='lat' dir='ltr'>the</span> <span class='ocrx_word' id='word_1_179' title='bbox 1965 2791 2100 2842; x_wconf 89' lang='lat' dir='ltr'>great</span> 
     </span>
     <span class='ocr_line' id='line_1_27' title="bbox 277 2854 1643 2912; baseline 0.002 -12"><span class='ocrx_word' id='word_1_180' title='bbox 277 2869 325 2912; x_wconf 91' lang='lat'>7.</span> <span class='ocrx_word' id='word_1_181' title='bbox 355 2855 676 2901; x_wconf 86' lang='lat' dir='ltr'>Edormiant:</span> <span class='ocrx_word' id='word_1_182' title='bbox 720 2855 876 2912; x_wconf 86' lang='lat' dir='ltr'>‘sleep</span> <span class='ocrx_word' id='word_1_183' title='bbox 909 2854 984 2900; x_wconf 84' lang='lat' dir='ltr'>off</span> <span class='ocrx_word' id='word_1_184' title='bbox 1016 2855 1096 2900; x_wconf 88' lang='lat' dir='ltr'>the</span> <span class='ocrx_word' id='word_1_185' title='bbox 1196 2855 1438 2900; x_wconf 84' lang='lat' dir='ltr'>Athenian</span> <span class='ocrx_word' id='word_1_186' title='bbox 1470 2863 1643 2903; x_wconf 88' lang='lat' dir='ltr'>orator.</span> 
     </span>
     <span class='ocr_line' id='line_1_28' title="bbox 175 2929 2096 2991; baseline 0 -13"><span class='ocrx_word' id='word_1_187' title='bbox 175 2931 356 2978; x_wconf 80' lang='lat' dir='ltr'>effects</span> <span class='ocrx_word' id='word_1_188' title='bbox 379 2929 455 2975; x_wconf 61' lang='lat' dir='ltr'>of!</span> <span class='ocrx_word' id='word_1_189' title='bbox 1259 2931 1324 2975; x_wconf 88' lang='lat'>16.</span> <span class='ocrx_word' id='word_1_190' title='bbox 1363 2931 1642 2977; x_wconf 84' lang='lat' dir='ltr'>Orationes:</span> <span class='ocrx_word' id='word_1_191' title='bbox 1663 2932 1778 2976; x_wconf 77' lang='lat' dir='ltr'>the“</span> <span class='ocrx_word' id='word_1_192' title='bbox 1798 2932 2096 2991; x_wconf 78' lang='lat' dir='ltr'>PhilippicS,”</span> 
     </span>
     <span class='ocr_line' id='line_1_29' title="bbox 246 3003 1672 3061; baseline 0.001 -11"><span class='ocrx_word' id='word_1_193' title='bbox 246 3018 320 3051; x_wconf 90' lang='lat'>10.</span> <span class='ocrx_word' id='word_1_194' title='bbox 351 3004 609 3061; x_wconf 78' lang='lat' dir='ltr'>Philippi:</span> <span class='ocrx_word' id='word_1_195' title='bbox 681 3003 838 3061; x_wconf 85' lang='lat' dir='ltr'>Philip</span> <span class='ocrx_word' id='word_1_196' title='bbox 911 3003 976 3049; x_wconf 91' lang='lat'>11.</span> <span class='ocrx_word' id='word_1_197' title='bbox 1047 3004 1102 3048; x_wconf 84' lang='lat' dir='ltr'>of</span> <span class='ocrx_word' id='word_1_198' title='bbox 1196 3005 1220 3024; x_wconf 80' lang='lat'>‘¹</span> <span class='ocrx_word' id='word_1_199' title='bbox 1241 3004 1561 3061; x_wconf 82' lang='lat' dir='ltr'>Olynthiacs‚‘&#39;</span> <span class='ocrx_word' id='word_1_200' title='bbox 1583 3013 1672 3052; x_wconf 90' lang='lat' dir='ltr'>etc.</span> 
     </span>
     <span class='ocr_line' id='line_1_30' title="bbox 175 3078 1989 3137; baseline -0.001 -10"><span class='ocrx_word' id='word_1_201' title='bbox 175 3079 455 3132; x_wconf 87' lang='lat' dir='ltr'>Macedon,</span> <span class='ocrx_word' id='word_1_202' title='bbox 478 3078 630 3122; x_wconf 77' lang='lat' dir='ltr'>father</span> <span class='ocrx_word' id='word_1_203' title='bbox 651 3078 706 3123; x_wconf 84' lang='lat' dir='ltr'>of</span> <span class='ocrx_word' id='word_1_204' title='bbox 722 3079 995 3123; x_wconf 86' lang='lat' dir='ltr'>Alexander</span> <span class='ocrx_word' id='word_1_205' title='bbox 1015 3078 1094 3124; x_wconf 87' lang='lat' dir='ltr'>the</span> <span class='ocrx_word' id='word_1_206' title='bbox 1257 3080 1325 3124; x_wconf 88' lang='lat'>16.</span> <span class='ocrx_word' id='word_1_207' title='bbox 1363 3080 1602 3124; x_wconf 78' lang='lat' dir='ltr'>Contiones</span> <span class='ocrx_word' id='word_1_208' title='bbox 1615 3093 1633 3126; x_wconf 90' lang='lat'>.·</span> <span class='ocrx_word' id='word_1_209' title='bbox 1665 3082 1675 3100; x_wconf 81' lang='lat'>⁸</span> <span class='ocrx_word' id='word_1_210' title='bbox 1692 3080 1989 3137; x_wconf 85' lang='lat' dir='ltr'>harangues.&#39;</span> 
     </span>
     <span class='ocr_line' id='line_1_31' title="bbox 175 3153 1932 3212; baseline -0.001 -10"><span class='ocrx_word' id='word_1_211' title='bbox 175 3158 353 3208; x_wconf 84' lang='lat' dir='ltr'>Great,</span> <span class='ocrx_word' id='word_1_212' title='bbox 374 3153 571 3210; x_wconf 89' lang='lat' dir='ltr'>reigned</span> <span class='ocrx_word' id='word_1_213' title='bbox 591 3155 795 3211; x_wconf 84' lang='lat'><strong>359—336</strong></span> <span class='ocrx_word' id='word_1_214' title='bbox 817 3160 910 3199; x_wconf 88' lang='lat' dir='ltr'><strong>B.C.</strong></span> <span class='ocrx_word' id='word_1_215' title='bbox 1258 3155 1323 3198; x_wconf 91' lang='lat'>18.</span> <span class='ocrx_word' id='word_1_216' title='bbox 1354 3155 1613 3212; x_wconf 74' lang='lat' dir='ltr'>Adfectus:</span> <span class='ocrx_word' id='word_1_217' title='bbox 1640 3157 1651 3175; x_wconf 83' lang='lat'><strong><em>⁴</em></strong></span> <span class='ocrx_word' id='word_1_218' title='bbox 1668 3156 1932 3212; x_wconf 88' lang='lat' dir='ltr'>occupied.&#39;</span> 
     </span>
     <span class='ocr_line' id='line_1_32' title="bbox 246 3227 2094 3286; baseline 0 -12"><span class='ocrx_word' id='word_1_219' title='bbox 246 3241 319 3274; x_wconf 89' lang='lat'>11.</span> <span class='ocrx_word' id='word_1_220' title='bbox 351 3228 527 3272; x_wconf 86' lang='lat' dir='ltr'>Recens</span> <span class='ocrx_word' id='word_1_221' title='bbox 543 3242 562 3271; x_wconf 93' lang='lat'>.·</span> <span class='ocrx_word' id='word_1_222' title='bbox 589 3227 849 3272; x_wconf 85' lang='lat' dir='ltr'>adverbial.</span> <span class='ocrx_word' id='word_1_223' title='bbox 1254 3240 1324 3272; x_wconf 89' lang='lat'>21.</span> <span class='ocrx_word' id='word_1_224' title='bbox 1353 3229 1590 3272; x_wconf 83' lang='lat' dir='ltr'>Feruntur</span> <span class='ocrx_word' id='word_1_225' title='bbox 1612 3245 1630 3274; x_wconf 90' lang='lat'><em>:</em></span> <span class='ocrx_word' id='word_1_226' title='bbox 1696 3231 1705 3249; x_wconf 82' lang='lat'><strong>¹</strong></span> <span class='ocrx_word' id='word_1_227' title='bbox 1729 3241 1811 3272; x_wconf 86' lang='lat' dir='ltr'>are</span> <span class='ocrx_word' id='word_1_228' title='bbox 1880 3229 2094 3286; x_wconf 86' lang='lat' dir='ltr'>current,&#39;</span> 
     </span>
     <span class='ocr_line' id='line_1_33' title="bbox 245 3299 1568 3361; baseline -0.002 -12"><span class='ocrx_word' id='word_1_229' title='bbox 245 3317 319 3361; x_wconf 86' lang='lat'>13.</span> <span class='ocrx_word' id='word_1_230' title='bbox 350 3304 568 3347; x_wconf 70' lang='lat' dir='ltr'>Macetae</span> <span class='ocrx_word' id='word_1_231' title='bbox 588 3314 606 3348; x_wconf 92' lang='lat'>.·</span> <span class='ocrx_word' id='word_1_232' title='bbox 659 3303 751 3346; x_wconf 88' lang='lat' dir='ltr'>less</span> <span class='ocrx_word' id='word_1_233' title='bbox 792 3301 931 3346; x_wconf 90' lang='lat' dir='ltr'>usual</span> <span class='ocrx_word' id='word_1_234' title='bbox 970 3301 1092 3345; x_wconf 88' lang='lat' dir='ltr'>form</span> <span class='ocrx_word' id='word_1_235' title='bbox 1196 3303 1335 3357; x_wconf 85' lang='lat' dir='ltr'>‘pass</span> <span class='ocrx_word' id='word_1_236' title='bbox 1365 3299 1437 3344; x_wconf 87' lang='lat' dir='ltr'>for</span> <span class='ocrx_word' id='word_1_237' title='bbox 1466 3301 1568 3347; x_wconf 66' lang='lat' dir='ltr'>his:</span> 
     </span>
    </p>
   </div>
   <div class='ocr_carea' id='block_1_10' title="bbox 173 3376 577 3426">
    <p class='ocr_par' dir='ltr' id='par_1_10' title="bbox 173 3376 577 3426">
     <span class='ocr_line' id='line_1_34' title="bbox 173 3376 577 3426; baseline -0.01 0"><span class='ocrx_word' id='word_1_238' title='bbox 173 3381 258 3426; x_wconf 80' lang='lat' dir='ltr'>for</span> <span class='ocrx_word' id='word_1_239' title='bbox 280 3376 577 3422; x_wconf 66' lang='lat' dir='ltr'>Macedbnes.</span> 
     </span>
    </p>
   </div>
   <div class='ocr_carea' id='block_1_11' title="bbox 1625 3369 2228 3586">
    <p class='ocr_par' dir='ltr' id='par_1_11' title="bbox 1625 3369 2228 3586">
     <span class='ocr_line' id='line_1_35' title="bbox 1625 3369 2228 3586; baseline 0 31"><span class='ocrx_word' id='word_1_240' title='bbox 1625 3369 2228 3586; x_wconf 95' lang='lat' dir='ltr'> </span> 
     </span>
    </p>
   </div>
  </div>
 </body>
</html>
