2475 3617
492 121 676 203 szfzy
727 122 982 185 Ston'es
1006 124 1192 206 from
1238 123 1460 186 Aulus
1510 107 2278 236 GelliusRfflAE'Ji-L*
2341 181 2350 190 ,

179 319 379 389 ardua,
414 319 614 376 colore
656 318 968 393 poeniceo,
1008 319 1151 377 flora
1193 330 1253 378 et
1295 320 1555 378 comanti
1598 320 1753 393 iuba,
1783 321 2082 379 omnibus-

178 434 292 491 que
344 415 470 473 aliis
519 434 803 490 equorum
853 415 1125 475 laudibus
1169 435 1407 492 quoque
1455 418 1630 493 longe
1685 418 2082 493 praestitisse3

179 513 286 572 sed
320 512 580 571 eundem
615 531 833 588 equum
868 514 968 571 tali
1004 514 1180 572 fuisse
1216 515 1338 572 fato
1373 516 1491 573 sive
1522 516 1755 573 fortuna
1782 515 1992 589 ferunt,
2021 526 2085 575 ut

180 611 442 686 quisquis
496 611 740 669 haberet
796 627 941 669 eum·
989 611 1458 687 possideretque‚
1507 623 1572 670 ut
1628 614 1676 670 is
1731 632 1868 670 cum
1922 615 2086 672 omni

181 709 382 781 domo,
414 708 632 766 familia
661 709 1021 783 fortunisque
1052 710 1328 768 omnibus
1368 710 1484 768 suis
1520 710 1596 768 ad
1625 711 2090 770 internecionem
2163 737 2183 785 ς

181 806 497 882 deperiret.
582 807 792 881 Itaque
835 808 1091 882 primum
1135 808 1297 865 illum
1333 809 1606 866 Gnaeum
1650 809 1865 879 Seium,
1897 808 2085 867 domi-

179 922 321 962 num
366 904 507 976 eiuS‚
542 922 579 961 a
620 906 707 962 M.
737 905 1016 976 Antonio,
1053 906 1154 980 qui
1195 916 1406 980 postea
1447 906 1809 963 triumvirum
1852 906 2086 982 reipub·

179 1003 329 1059 licae
383 1002 832 1061 constituendae
890 1002 1014 1074 fuit,
1067 1003 1277 1078 capitis
1332 1002 1695 1074 damnatum,
1755 1004 2087 1063 miserando

180 1100 474 1175 supplicio
507 1100 782 1158 affectum
818 1119 985 1173 esse;
1029 1100 1246 1159 eodem
1284 1111 1551 1175 tempore
1587 1101 1926 1159 Cornelium
1963 1103 2085 1161 Do—

180 1198 455 1256 labellam
497 1198 800 1256 consulem
843 1200 903 1255 in
946 1199 1166 1274 Syriam
1219 1199 1694 1273 proficiscentem
1734 1198 1890 1255 fama
1928 1199 2092 1257 istius
2137 1226 2190 1256 10

180 1296 320 1370 equi
376 1294 701 1354 adductum
756 1298 944 1371 Argos
998 1295 1318 1354 devertisse
1375 1295 1773 1371 cupidineque
1829 1296 2089 1354 habendi

181 1394 307 1451 eius
348 1392 628 1452 exarsisse
668 1394 1001 1469 emisseque
1036 1411 1172 1452 eum
1213 1394 1495 1452 sestertiis
1533 1404 1774 1452 centum
1817 1394 2048 1453 milibus
2069 1415 2087 1467 3

180 1490 290 1550 sed
329 1490 525 1565 ipsum
558 1509 796 1566 quoque
832 1492 1205 1551 Dolabellam
1241 1493 1302 1549 in
1330 1492 1492 1567 Syria
1519 1492 1675 1550 bello
1704 1492 1857 1549 civili
1887 1492 2086 1551 obses-

179 1608 310 1647 sum
356 1598 533 1663 atque
575 1589 947 1648 interfectum
995 1607 1163 1663 esse;
1221 1608 1362 1647 mox
1404 1588 1662 1648 eundem
1705 1608 1943 1664 equum,
1986 1590 2090 1665 qui

183 1686 532 1745 Dolabellae
561 1687 766 1759 fuerat,
799 1688 869 1747 C.
901 1687 1187 1759 Cassium,
1219 1688 1321 1762 qui
1354 1687 1722 1745 Dolabellam
1755 1688 2091 1760 obsederat,
2137 1711 2186 1761 ¹5

180 1784 518 1844 abduxisse.
604 1786 759 1843 Eum
803 1784 1070 1843 Cassium
1112 1795 1322 1861 postea
1363 1785 1501 1844 satis
1542 1795 1748 1843 notum
1793 1795 1881 1844 est
1922 1785 2089 1843 victis

179 1882 447 1958 partibus
476 1883 721 1958 fusoque
755 1883 1012 1941 exercitu
1045 1901 1150 1941 suo
1182 1884 1456 1941 miseram
1487 1892 1739 1941 mortem
1767 1883 2087 1958 oppetisse,

180 1979 405 2039 deinde
434 1990 572 2056 post
598 1982 923 2040 Antonium
965 1992 1102 2057 post
1143 1981 1444 2039 interitum
1480 1981 1668 2040 Cassii
1710 1991 1879 2055 parta
1905 1982 2087 2040 victo-

179 2079 267 2137 ria
322 2096 543 2153 equum
599 2079 762 2136 illum
817 2080 1075 2138 nobilem
1126 2079 1294 2138 Cassi
1341 2078 1650 2153 requisisse
1701 2088 1779 2149 et,
1829 2096 1965 2135 cum
2016 2096 2088 2136 eo

179 2175 405 2252 potitus
448 2187 622 2248 esset,
653 2177 845 2252 ipsum
886 2194 1122 2252 quoque
1162 2186 1372 2252 postea
1412 2176 1631 2233 victum
1675 2185 1851 2250 atque
1895 2175 2090 2233 deser·
2135 2201 2191 2232 20

181 2284 330 2346 tum,
381 2273 714 2334 detestabili
761 2275 940 2333 exitio
990 2274 1275 2333 interisse.
1378 2274 1541 2331 Hinc
1590 2272 1962 2347 proverbium
2011 2272 2088 2330 de

180 2371 521 2430 hominibus
550 2372 903 2430 calamitosis
933 2383 1126 2431 ortum
1155 2371 1393 2447 dicique
1424 2371 1660 2429 solitum
1685 2392 1696 2429 ε
1737 2374 1752 2403 ‘
1773 2369 1878 2429 Ille
1906 2370 2089 2429 homo

180 2468 366 2528 habet
394 2487 612 2543 equum
642 2470 953 2528 Seianum.'

272 2654 313 2688 1.
342 2643 597 2689 Poeniceo:
633 2643 780 2687 ‘dark
801 2643 913 2696 red,'
935 2644 946 2663 ‘
965 2640 1087 2699 bay.’
1253 2652 1320 2699 15.
1358 2641 1406 2686 C.
1472 2640 1679 2685 Cassium
1702 2652 1720 2686 .·
1772 2652 1864 2686 one
1913 2639 1969 2683 of
2010 2640 2091 2684 the

272 2728 311 2762 1.
342 2717 490 2762 Flora
507 2718 766 2762 etcomanti
781 2717 889 2761 iuba
906 2732 924 2761 .·
954 2716 1088 2761 ‘with
1190 2715 1425 2760 assassins
1457 2714 1513 2758 of
1536 2715 1693 2774 Julius
1724 2713 1918 2759 Caesar.

181 2790 299 2848 long
318 2790 480 2848 bright
504 2792 678 2837 mane.'
1252 2802 1319 2848 15.
1363 2789 1616 2834 Obsederat
1636 2804 1654 2833 .·
1724 2795 1771 2833 at
1833 2787 2090 2842 Laodicea,

270 2876 314 2923 5.
345 2866 431 2910 Ad
444 2867 836 2911 internecionem:
867 2864 1087 2921 ‘utterly.'
1188 2878 1247 2921 43
1278 2872 1371 2909 B.C.

270 2953 314 2996 9.
352 2940 618 2984 Cornelium
636 2940 930 2984 Dolabellam
947 2956 964 2984 .·
976 2952 1087 2984 son·
1251 2952 1318 2995 17.
1349 2938 1581 2982 Miseram
1597 2941 1786 2981 mortem
1804 2950 1820 2983 .·
1836 2937 1897 2981 he
1911 2938 2090 2981 caused

183 3012 345 3058 in-law
366 3014 422 3059 of
446 3014 633 3068 Cicero,
657 3015 825 3060 consul
845 3014 894 3058 in
914 3028 973 3071 44
994 3022 1085 3060 B.c.
1187 3026 1282 3057 one
1303 3012 1356 3057 of
1380 3012 1455 3056 his
1478 3025 1583 3056 own
1616 3013 1768 3056 slaves
1798 3017 1848 3055 to
1880 3011 1959 3054 kill
1990 3011 2090 3055 him

245 3100 314 3135 11.
345 3089 501 3146 Argos
529 3090 778 3134 devertisse
792 3102 810 3135 .·
853 3092 864 3110 “
881 3088 1086 3146 stopped
1187 3087 1307 3132 after
1325 3087 1406 3131 the
1426 3087 1570 3132 battle
1599 3086 1654 3131 of
1680 3085 1898 3143 Philippi,
1919 3099 1978 3141 42
1999 3093 2091 3131 B.C.

185 3175 249 3206 on
271 3164 352 3208 the
372 3177 476 3221 way
496 3170 544 3207 at
564 3164 749 3221 Argos!
1250 3164 1317 3207 18.
1348 3163 1459 3206 Post
1478 3196 1489 3208 .
1510 3195 1522 3207 .
1545 3195 1556 3207 .
1570 3165 1706 3219 post:
1738 3160 1818 3204 the
1840 3159 1938 3204 first
1958 3159 1997 3204 is
2029 3172 2091 3204 an

248 3250 315 3284 12.
348 3238 588 3283 Sestertiis
641 3243 820 3283 centum
870 3237 1089 3282 milibus:
1189 3238 1383 3290 adverb,
1406 3237 1485 3280 the
1507 3236 1688 3280 second
1710 3249 1738 3278 a
1763 3235 2071 3292 preposition.

186 3311 402 3357 between
425 3311 576 3370 ,84000
595 3313 691 3357 and
715 3312 880 3371 ἱ85000.
1250 3324 1319 3355 20.
1366 3311 1579 3354 Victum:
1608 3315 1655 3351 at
1676 3308 1882 3360 Actium,
1904 3321 1958 3364 31
1984 3316 2076 3353 B.C.
