2475 3617
361 1576 413 1606 10

361 2064 409 2110 15

469 198 544 260 16
777 194 962 279 szty
986 161 1260 259 ‘Stories
1286 193 1473 276 from
1520 194 1741 258 Aulus
1793 193 2050 258 Gellius

458 394 703 468 resurgit
755 403 814 451 et
863 410 1088 450 sursum
1138 391 1341 449 nititur
1389 400 1843 466 recurvaturque
1866 393 1916 465 3’
1973 394 2365 467 ‘Propterea'

456 490 648 566 inquit
686 490 1030 548 Plutarchus
1061 490 1157 546 ‘in
1199 488 1618 548 certaminibus
1662 489 1920 565 palmam
1962 489 2192 565 signum
2236 509 2366 549 esse

457 588 677 664 placuit
716 588 1016 658 victoriae,
1060 588 1339 661 quoniam
1385 586 1682 662 ingenium
1727 588 1868 662 ligni
1917 588 2207 647 eiusmodi
2255 598 2365 661 est,

458 696 522 745 ut
563 686 901 762 urgentibus
944 685 1534 761 opprimentibusque
1583 703 1704 743 non
1746 685 1962 744 cedat.'

1073 973 1194 1029 13.
1239 976 1328 1040 (N.
1370 978 1433 1025 A.
1474 977 1574 1025 III.
1615 975 1744 1039 vn.)

459 1139 684 1187 Historia
730 1154 789 1187 ex
835 1138 1098 1187 annalibus
1143 1146 1344 1203 sumpta
1390 1139 1453 1187 de
1495 1139 1557 1201 Q.
1596 1138 1831 1187 Caedicio
1879 1138 2076 1188 tribuno
2117 1138 2356 1200 militum;

537 1222 789 1285 verbaque
837 1238 897 1270 ex
942 1221 1217 1284 originibus
1266 1222 1338 1270 M.
1387 1221 1590 1270 Catonis
1637 1221 1881 1286 apposita,
1930 1222 2110 1286 quibus
2158 1222 2366 1272 Caedici
2451 1231 2452 1242 ¹

537 1304 769 1353 virtutem
803 1320 917 1353 cum
954 1304 1201 1368 Spartano
1239 1304 1468 1353 Leonida
1502 1304 1808 1369 aequiperat.

542 1451 831 1524 Pulcrum,
862 1450 945 1508 dii
990 1451 1149 1524 boni,
1188 1450 1414 1510 facinus
1446 1452 1922 1526 Graecarumque
1953 1451 2364 1510 facundiarum

455 1549 957 1624 magniloquentia
1010 1548 1375 1625 condignum
1421 1551 1506 1607 M.
1552 1550 1704 1608 Cato
1747 1549 1906 1607 libris
1948 1549 2240 1625 originum
2284 1550 2363 1609 de

461 1648 536 1720 Q.
567 1647 853 1705 Caedicio
884 1647 1118 1705 tribuno
1148 1647 1397 1705 militum
1430 1647 1712 1723 scriptum
1742 1647 1991 1721 reliquit.
2449 1627 2452 1640 Α

542 1743 614 1801 Id
658 1744 926 1819 profecto
959 1755 1047 1802 est
1078 1743 1153 1801 ad
1184 1744 1337 1802 hanc
1368 1744 1552 1802 ferme
1589 1745 1977 1803 sententiam:
2025 1746 2365 1820 Imperator

460 1844 691 1900 Poenus
737 1843 798 1899 in
847 1851 997 1899 terra
1041 1842 1255 1915 Sicilia,
1303 1842 1461 1901 bello
1508 1842 1975 1917 Carthaginiensi
2011 1843 2222 1917 primo,
2254 1843 2361 1902 ob-

456 1940 611 1997 viam
643 1940 918 1997 Romano
949 1940 1208 1997 exercitu
1248 1939 1636 2015 progreditur,
1683 1940 1863 1998 colles
1905 1940 2187 2025 locosque
2230 1939 2361 1999 ido·

454 2055 599 2095 neos
634 2037 794 2112 prior
837 2048 1109 2112 occupat.
1196 2037 1415 2096 Milites
1447 2038 1722 2109 Romani,
1755 2037 1839 2094 uti
1868 2056 1961 2096 res
1990 2047 2128 2095 nata
2157 2048 2266 2110 est,
2299 2038 2359 2096 in

458 2135 654 2193 locum
683 2134 977 2192 insinuant
1009 2134 1196 2193 fraudi
1225 2145 1285 2193 et
1315 2135 1596 2210 perniciei
1640 2134 1981 2193 obnoxium.
2063 2134 2361 2194 Tribunus

457 2233 533 2291 ad
578 2233 881 2291 consulem
917 2232 1096 2305 venit,
1140 2233 1401 2291 ostendit
1446 2233 1687 2290 exitium
1731 2232 1808 2290 de
1851 2233 1969 2291 loci
2011 2232 2359 2308 importuni·
2447 2307 2448 2312 η

457 2340 576 2389 tate
652 2341 712 2389 et
794 2330 1048 2388 hostium
1112 2330 1549 2389 circumstantia
1624 2343 1934 2391 maturum.
2046 2323 2448 2409 ‘Cense0,'‚'

455 2429 646 2504 inquit
692 2428 775 2486 ‘si
820 2447 945 2485 rem
987 2446 1215 2486 servare
1258 2429 1362 2500 νίς,
1408 2429 1766 2502 faciundum,
1798 2440 1861 2488 ut
1895 2429 2359 2506 quadringentos
2445 2495 2446 2506 χ

356 2554 410 2585 20
451 2527 677 2600 aliquos
717 2525 928 2583 milites
970 2526 1046 2584 ad
1076 2544 1381 2584 verrucam
1428 2527 1623 2600 illam,’
1656 2528 1739 2585 sic
1777 2527 1934 2585 enim
1970 2528 2123 2586 Cato
2158 2529 2359 2586 locum

456 2623 681 2682 editum
727 2641 1118 2698 asperumque
1175 2628 1453 2702 appellat,
1513 2628 1629 2685 ‘ire
1686 2627 1905 2698 iubeaS,
1964 2645 2216 2702 eamque
2273 2626 2359 2685 uti

455 2732 752 2797 occupent
808 2722 1064 2797 imperes
1124 2723 1531 2800 horterisque3
1590 2725 1788 2783 hostes
1836 2724 2108 2800 profecto
2150 2725 2251 2784 ubi
2295 2723 2359 2782 id

545 2906 584 2940 1.
619 2894 817 2939 Sursum
843 2909 862 2938 .·
909 2895 1189 2950 subversum,
1239 2898 1251 2917 ‘
1270 2910 1356 2955 up-
1517 2898 1585 2943 16.
1617 2898 1896 2943 Insinuant:
1928 2899 1938 2918 ⁶
1958 2897 2101 2941 made
2119 2896 2241 2941 their
2254 2910 2360 2954 way

452 2969 635 3013 wards.'
1456 2971 1589 3017 into!

539 3058 581 3100 7.
613 3045 699 3088 Ex
761 3046 1023 3104 originibus
1044 3058 1061 3092 .·
1133 3046 1355 3104 origines
1516 3047 1584 3091 16.
1622 3045 1883 3091 Obnoxiam
1897 3058 1915 3092 .·
1948 3045 2030 3091 i.e.
2048 3046 2230 3091 ‘where
2244 3045 2359 3104 they

452 3131 549 3162 was
571 3119 649 3162 the
670 3120 766 3163 title
798 3121 853 3165 of
877 3133 940 3165 an
971 3120 1228 3177 important
1260 3120 1355 3164 his·
1454 3134 1576 3165 were
1598 3120 1838 3177 exposed!

453 3194 616 3239 torical
638 3196 770 3240 work
791 3196 856 3253 by
876 3195 1001 3242 Cato
1022 3194 1101 3239 the
1123 3194 1325 3241 Censor.
1429 3231 1430 3236 ,
1514 3209 1584 3240 20.
1629 3196 1879 3240 Verrucam
1921 3194 2056 3241 illam
2076 3210 2094 3240 :
2142 3197 2154 3217 ³
2170 3196 2360 3255 yonder
2439 3213 2440 3218 ¹

514 3280 580 3322 14.
614 3268 846 3313 Exercitu
861 3285 880 3314 :
909 3271 990 3314 old
1012 3270 1185 3317 dative.
1455 3268 1658 3324 hillock‚'
1682 3270 1746 3315 lit.
1771 3272 1782 3290 ⁴
1797 3269 1938 3316 wart.'

516 3354 582 3400 15.
626 3343 708 3387 Uti
727 3356 803 3387 res
821 3347 935 3387 nata
956 3347 1058 3387 est:
1086 3344 1097 3363 ‘
1112 3356 1165 3388 as
1187 3343 1220 3387 it
1235 3343 1354 3400 hap-

452 3415 645 3475 pened.'
