2475 3617
503 137 687 219 Fg'fty
737 135 982 199 Stories
1005 138 1192 218 from
1239 136 1460 199 Aulus
1510 137 1767 200 Gellius
2044 153 2074 219 5

178 334 448 409 quinium
503 333 832 408 Superbum
889 351 1087 408 regem
1145 332 1308 404 adiit,
1366 351 1580 391 novem
1636 334 1814 392 libros
1871 335 2080 411 serens,

178 450 330 507 quos
375 450 501 489 esse
532 430 785 489 dicebat
827 431 1026 488 divina
1069 431 1304 488 oracula
1324 451 1342 503 3
1387 449 1490 489 eos
1532 431 1678 489 velle
1719 432 2077 514 venundare.

176 529 534 603 Tarquinius
599 529 851 603 pretium
914 538 1294 603 percontatus
1351 539 1457 586 est.
1563 529 1780 587 Mulier
1834 515 2079 610 nimium

178 634 358 699 atque
408 624 736 681 inmensum
787 624 1100 698 poposcit;
1159 642 1279 694 rex,
1326 624 1490 697 quasi
1540 605 1684 682 amis
1732 635 1924 683 aetate
1976 626 2078 685 de-

178 722 416 798 siperet,
479 721 698 779 derisit.
800 722 955 778 Tum
1018 721 1114 778 illa
1178 721 1436 794 soqulum
1500 740 1698 779 coram
1765 741 1902 779 cum
1963 725 2085 800 igni
2156 752 2177 799 5

177 820 445 895 apponit,
477 819 576 877 tris
619 819 796 876 libros
839 837 912 875 ex
953 836 1168 876 novem
1211 819 1405 896 int
1448 829 1524 889 et,
1564 818 1779 893 ecquid
1824 821 2078 896 reliquos

177 935 281 976 sex
316 916 531 975 eodem
567 916 759 991 pretio
795 933 994 974 emere
1023 916 1216 988 vellet,
1246 934 1446 991 regem
1482 916 1872 992 interrogavit.
1960 918 2077 977 Sed

176 1015 337 1073 enim
385 1014 736 1088 Tarquinius
791 1013 854 1073 id
910 1013 1094 1071 multo
1151 1014 1275 1071 risit
1326 1014 1507 1088 magis
1565 1014 1850 1089 dixitque,
1900 1033 2078 1073 anum

175 1112 297 1170 iam
339 1112 544 1187 procul
594 1111 777 1169 dubio
819 1110 1086 1169 delirare.
1189 1112 1405 1168 Mulier
1453 1111 1675 1170 ibidem
1726 1112 1923 1170 statim
1976 1114 2076 1172 tris

175 1212 323 1269 alios
365 1211 541 1268 libros
584 1209 800 1267 exussit
842 1219 1018 1283 atque
1062 1208 1123 1266 id
1166 1209 1360 1283 ipsum
1396 1208 1593 1267 denuo
1628 1209 1861 1284 placide
1892 1221 2077 1286 rogat,
2127 1239 2178 1269 ιο

173 1318 239 1365 ut
278 1308 381 1366 tris
418 1308 672 1382 reliquos
711 1305 927 1364 eodem
967 1306 1065 1364 illo
1104 1307 1295 1381 pretio
1331 1317 1506 1364 emat.
1589 1307 1938 1381 Tarquinius
1973 1327 2075 1367 ore

173 1406 290 1463 iam
343 1406 495 1463 serio
544 1415 720 1479 atque
771 1403 1081 1462 attentiore
1132 1404 1331 1462 animo
1373 1404 1456 1475 fit,
1502 1422 1633 1462 eam
1683 1407 2074 1464 constantiam

172 1503 717 1577 confidentiamque
757 1520 874 1559 non
911 1502 1148 1577 insuper
1184 1501 1520 1560 habendam
1561 1502 1862 1578 intellegit,
1897 1504 2074 1562 libros

171 1602 274 1660 tris
313 1601 567 1675 reliquos
612 1610 903 1657 mercatur
946 1599 1127 1656 nihilo
1174 1599 1399 1657 minore
1451 1600 1642 1674 pretio
1687 1618 1865 1674 quam
1911 1603 2073 1675 quod

171 1709 299 1756 erat
342 1699 589 1773 petitum
634 1715 741 1772 pro
785 1697 1071 1755 omnibus,
1159 1696 1277 1754 Sed
1321 1714 1452 1754 eam
1497 1697 1800 1755 mulierem
1854 1708 1992 1756 tunc
2043 1717 2077 1756 a
2121 1725 2169 1772 15

167 1796 495 1871 Tarquinio
550 1795 871 1871 digressam
927 1804 1136 1869 postea
1191 1812 1479 1868 nusquam
1528 1795 1644 1852 loci
1691 1795 1875 1853 visam
1930 1815 2070 1854 con-

167 1895 334 1954 stitit.
421 1895 580 1953 Libri
631 1904 765 1964 tres,
816 1894 875 1950 in
925 1892 1235 1950 sacrarium
1288 1893 1530 1963 conditi,
1582 1897 1597 1923 ‘
1617 1892 1877 1967 Sibyllini
1899 1896 1911 1920 ’
1970 1911 2071 1968 ap-

166 1994 372 2069 pellati
395 2014 411 2066 3
455 1992 531 2050 ad
567 2010 669 2050 eos
703 1992 871 2066 quasi
905 1990 980 2047 ad
1016 1989 1317 2047 oraculum
1347 1989 1796 2064 quindecimviri
1830 1991 2069 2063 adeunt,

165 2110 308 2149 cum
336 2091 399 2149 di
427 2089 786 2148 immortales
815 2088 1048 2164 publice
1080 2087 1426 2146 consulendi
1456 2099 1608 2146 sunt.

255 2277 298 2308 2.
342 2263 646 2307 Venundare:
675 2264 749 2306 ‘to
771 2261 883 2306 sell.'
1233 2261 1299 2306 16.
1332 2261 1578 2317 Nusquam
1595 2261 1719 2307 loci:
1752 2261 2000 2307 ‘nowhere
2022 2263 2070 2308 in

253 2349 300 2395 5.
329 2337 551 2381 Foculum
568 2353 587 2381 .·
615 2339 625 2357 ⁸
641 2350 670 2380 a
689 2336 901 2381 brazier.’
1170 2335 1251 2378 the
1271 2334 1450 2380 world.'

252 2413 298 2458 6.
327 2413 539 2470 Deurit?
563 2412 827 2464 ‘burned’;
857 2409 915 2456 cf.
936 2425 1070 2455 exus-
1232 2411 1299 2455 16.
1339 2410 1586 2454 Constitit:
1620 2410 1679 2453 ‘it
1703 2422 1800 2454 was
1826 2422 1889 2454 an
1915 2413 2070 2456 estab-

159 2489 241 2544 sit,
267 2488 298 2533 l.
321 2500 395 2533 10.
1170 2485 1326 2529 lished
1347 2483 1467 2530 fact!

250 2564 294 2608 6.
324 2561 548 2619 Ecquid:
581 2560 846 2607 ‘whether.'
1230 2562 1297 2604 18.
1335 2559 1713 2617 Quindecimviri
1728 2574 1746 2603 .·
1794 2559 1874 2604 the
1911 2559 2068 2606 fifteen

250 2651 296 2693 9.
326 2635 589 2682 Delirare:
622 2638 743 2679 ‘was
765 2636 906 2680 mad!
1168 2635 1447 2680 custodiaris
1478 2635 1532 2679 of
1557 2635 1688 2678 these
1714 2634 1884 2689 books,
1906 2648 1937 2679 a
1964 2649 2069 2693 per-

223 2725 295 2756 10.
325 2713 494 2756 Denuo
507 2726 524 2757 .·
564 2710 644 2769 (de
669 2710 806 2767 novo)
829 2724 839 2763 ;
873 2712 883 2729 ¹
901 2709 1063 2763 anew,'
1168 2716 1363 2753 manent
1385 2709 1576 2766 priestly
1598 2708 1795 2766 college.

160 2786 368 2843 'agaim'
1227 2797 1293 2840 19.
1327 2784 1515 2828 Publice
1530 2798 1547 2830 .·
1596 2785 1686 2827 ‘on
1719 2783 1887 2828 behalf
1909 2784 1964 2830 of
1988 2785 2068 2830 the

223 2874 294 2918 13.
325 2861 437 2905 Non
512 2860 701 2916 insuper
772 2859 1030 2903 habendam
1048 2874 1066 2902 .·
1164 2858 1313 2903 state.'

159 2938 312 2981 ‘were
334 2942 417 2980 not
438 2941 488 2979 to
510 2935 572 2978 be
594 2934 737 2979 made
758 2934 872 2991 light
895 2933 969 2979 of!
