2475 3617
450 168 631 249 Fzfly
679 168 928 231 Stories
951 170 1140 251 from
1182 168 1403 231 Aulus
1449 169 1510 233 G
1512 170 1706 232 ellius
1949 215 1958 224 -
1987 188 2020 250 3

132 365 323 423 multis
383 365 726 441 magnisque
782 365 973 437 rebuS‚
1030 384 1181 440 quae
1238 367 1391 424 bene
1448 386 1518 424 ac
1574 368 1842 426 benivole
1892 380 2027 444 post

129 462 425 520 redditam
495 480 704 537 pacem
776 463 1130 521 Samnitibus
1202 464 1455 536 fecisset,
1519 464 1796 523 obtulisse
1865 466 2027 525 dono

34 583 37 592 ·
128 559 414 635 grandem
456 561 769 635 pecuniam
810 579 1140 635 orasseque,
1172 563 1257 619 uti
1295 561 1591 636 acciperet
1632 573 2026 639 utereturque,

129 667 305 732 atque
350 657 413 715 id
456 657 648 716 facere
693 659 981 717 Samnites
1030 657 1263 729 dixisse,
1315 659 1478 733 quod
1526 659 1796 719 viderent
1847 662 2029 720 multa

58 755 63 763 '
130 755 207 814 ad
255 754 636 830 splendorem
685 755 898 814 domus
946 766 1123 831 atque
1172 758 1361 814 victus
1411 757 1615 815 defieri
1673 776 1865 833 neque
1923 777 2033 834 pro
2106 789 2126 833 5

130 852 516 928 amplitudine
567 852 966 928 dignitateque
1017 855 1239 911 lautum
1290 866 1559 930 paratum
1615 874 1760 914 esse.
1871 857 2027 914 Tum

132 950 465 1009 Fabricium
515 951 718 1025 planas
765 969 970 1010 manus
1012 953 1088 1010 ab
1133 953 1367 1010 auribus
1412 953 1490 1010 ad
1534 954 1738 1011 oculos
1780 963 1841 1011 et
1881 955 2029 1012 infra

131 1047 417 1123 deinceps
467 1048 543 1107 ad
593 1067 760 1106 nares
808 1059 868 1106 et
923 1049 1001 1106 ad
1058 1068 1124 1108 os
1181 1060 1243 1107 et
1297 1049 1373 1108 ad
1422 1051 1616 1125 gulam
1664 1061 1840 1126 atque
1891 1051 2029 1110 inde

130 1163 308 1220 porro
348 1145 426 1203 ad
455 1156 721 1204 ventrem
761 1146 944 1204 imum
987 1146 1303 1205 deduxisse
1345 1158 1404 1205 et
1433 1148 1636 1223 legatis
1675 1149 1756 1206 ita
1785 1166 2026 1224 respon-

131 1242 326 1301 disse:
386 1243 530 1302 dum
573 1244 683 1302 illis
726 1243 998 1303 omnibus
1043 1245 1340 1316 membriS,
1385 1263 1535 1319 quae
1579 1246 1881 1322 attigisset,
1926 1248 2030 1305 ob-

129 1342 335 1399 sistere
411 1351 588 1416 atque
658 1341 946 1417 imperare
1024 1353 1242 1417 posset,
1313 1361 1634 1418 numquam
1710 1344 2028 1419 quicquam

128 1436 507 1511 defuturum;
551 1449 866 1515 propterea
908 1457 970 1497 se
1013 1440 1346 1514 pecuniam,
1378 1459 1495 1515 qua
1536 1441 1678 1499 nihil
1720 1441 1832 1500 sibi
1874 1452 2030 1500 esset

128 1554 284 1607 usus,
314 1536 391 1593 ab
421 1536 527 1606 his,
557 1536 769 1611 quibus
799 1555 931 1595 eam
960 1538 1135 1595 sciret
1166 1538 1294 1596 usui
1323 1556 1468 1610 esse,
1499 1557 1619 1597 non
1648 1540 1941 1614 accipere.

786 1826 860 1882 3.
903 1828 995 1892 (Ν.
1030 1832 1090 1878 A.
1128 1830 1170 1878 Ι.
1210 1829 1372 1894 xvu.)

124 2007 331 2070 Quanta
367 2021 481 2055 cum
516 2006 671 2055 animi
704 2008 956 2071 aequitate
991 2008 1276 2058 toleraverit
1312 2010 1542 2058 Socrates
1578 2011 1739 2059 uxoris
1773 2011 2029 2074 ingenium

207 2089 524 2139 intractabile
535 2107 549 2149 ;
598 2097 747 2154 atque
784 2091 924 2149 inibi,
960 2091 1078 2156 quid
1123 2093 1193 2140 M.
1231 2092 1390 2140 Varro
1431 2093 1484 2140 in
1519 2094 1735 2156 quadam
1769 2101 1934 2143 satura
1968 2096 2031 2143 de

207 2172 375 2221 officio
399 2172 560 2221 mariti
585 2172 848 2236 scripserit.

203 2336 570 2412 Xanthippe,
599 2337 854 2396 Socratis
884 2337 1222 2414 philosophi
1251 2357 1415 2411 uxor,
1441 2358 1676 2398 morosa
1702 2339 2029 2401 admodum

124 2433 305 2492 fuisse
349 2433 530 2491 fertur
571 2445 630 2492 et
673 2434 941 2510 iurgiosa,
985 2436 1316 2510 irarumque
1361 2446 1420 2494 et
1464 2437 1861 2496 molestiarum
1905 2459 2029 2497 rnu-

123 2530 400 2591 liebrium
442 2549 551 2607 per
592 2531 751 2590 diem
797 2550 1021 2608 perque
1067 2544 1307 2591 noctem
1358 2534 1639 2593 scatebat.
1726 2537 1856 2594 Has
1908 2537 2031 2595 eius

98 2697 103 2702 ’
183 2717 225 2748 2.
256 2703 431 2747 Dono:
460 2702 639 2760 dative;
670 2705 748 2747 ‘as
770 2716 799 2747 a
818 2702 928 2760 gift:
1192 2718 1260 2751 10.
1297 2706 1555 2753 Obse'stere:
1589 2708 1829 2753 ‘control.'

181 2788 226 2835 5.
271 2778 461 2823 Victus:
484 2777 713 2834 genitive:
739 2781 964 2823 ‘manner
980 2777 1035 2823 of
1190 2793 1258 2825 12.
1299 2781 1403 2837 Qua
1434 2815 1446 2826 .
1478 2815 1489 2827 .
1522 2814 1534 2826 .
1564 2795 1701 2828 usus:
1743 2782 1841 2826 ‘for
1874 2784 2029 2829 which

96 2850 230 2897 -life.⁸
1129 2853 1189 2897 he
1210 2854 1309 2899 had
1330 2868 1394 2899 no
1415 2856 1529 2907 use‚'
1551 2868 1607 2900 or
1626 2858 1636 2877 ⁴
1653 2857 1807 2902 need.'

181 2938 225 2984 5.
258 2926 474 2984 Defieri:
503 2929 650 2971 ‘were
672 2926 889 2984 lacking:
1186 2931 1253 2973 16.
1287 2930 1357 2973 M.
1376 2930 1550 2974 V21rro:
1574 2930 1686 2973 “the
1701 2939 1825 2976 most
1841 2932 2033 2977 learned

183 3002 226 3047 6.
257 3002 463 3046 Lautum
480 3016 498 3045 .·
538 3002 875 3059 ‘sumptuou5,'
907 3002 1027 3045 ‘ele-
1127 3001 1181 3045 os
1193 3001 1273 3045 the
1297 3002 1554 3057 Romans,''
1576 3003 1701 3047 lived
1726 3004 1893 3049 116-28
1918 3014 2008 3051 B.C.

119 3078 288 3136 gant’;
324 3076 569 3134 participle
591 3075 782 3121 oslava.
1189 3078 1256 3120 18.
1286 3077 1583 3123 Admodum:
1618 3078 1929 3136 ‘extremely.'

179 3154 223 3198 6.
255 3153 520 3197 Paratum:
602 3153 613 3171 ‘
632 3150 706 3195 his
780 3151 1025 3195 establish-
1190 3163 1255 3205 19.
1287 3151 1502 3207 lurgiosa
1519 3166 1535 3197 .·
1595 3153 1979 3208 ‘quarrelsome,'

121 3227 285 3273 rnen&
1128 3228 1136 3244 ⁴
1154 3224 1382 3270 abusive.’

179 3304 221 3346 8.
258 3301 448 3345 Nares:
480 3298 723 3352 ‘nostrils,·
746 3302 756 3320 ‘
773 3299 918 3345 nose.’
1186 3313 1256 3343 20.
1288 3300 1529 3344 Scatebat:
1557 3301 1676 3342 'was
1690 3299 2025 3358 overflowing,’

179 3378 220 3423 8.
262 3375 434 3421 Galam
451 3389 470 3419 .·
499 3377 510 3396 ‘
525 3375 714 3420 throat.'
1127 3386 1182 3417 or
1197 3386 1251 3417 as
1263 3386 1338 3444 ¹we
1354 3372 1529 3417 should
1543 3385 1640 3430 say,
1657 3375 1666 3392 ⁴
1683 3373 1867 3430 boiling
1883 3375 2023 3420 over!

2079 1275 2131 1305 10

2081 2025 2129 2072 ¹5

2076 2564 2131 2594 20
