2475 3617
347 185 432 246 42
661 169 846 251 Fifty
894 169 1146 232 Stories
1168 169 1356 250 from
1402 167 1623 230 Aulus
1673 167 1933 232 Gellius

347 363 560 437 Reguli
601 381 637 420 a
677 374 882 422 senatu
922 364 1158 422 deditos
1197 374 1257 422 et
1297 364 1374 423 ab
1411 364 1500 421 his
1543 364 1603 422 in
1645 366 1895 423 armario
1931 365 2252 424 muricibus

344 459 607 535 praefixo
637 459 946 521 destitutos
976 461 1307 537 eademque
1336 462 1628 519 insomnia
1648 462 1939 521 cruciatos
1959 463 2249 521 interisse.

990 792 1115 849 30.
1170 795 1261 859 (N.
1290 796 1353 846 A.
1377 796 1497 846 VII.
1520 795 1596 861 x.)

344 956 572 1005 Historia
595 971 742 1020 super
768 956 977 1006 Euclida
1003 957 1274 1016 SocraticO,
1301 959 1438 1007 cuius
1458 959 1685 1023 exemplo
1707 960 1899 1009 Taurus
1917 961 2250 1026 philosophus

245 1052 267 1099 5
422 1039 609 1088 hortari
647 1039 993 1088 adulescentes
1032 1055 1148 1088 suos
1187 1040 1363 1089 solitus
1397 1042 1463 1090 ad
1503 1042 1872 1106 philosophiam
1913 1044 2105 1092 naviter
2141 1060 2249 1122 sec-

425 1123 645 1171 tandam.

427 1268 815 1344 Philosophus
856 1271 911 1326 T
913 1289 1101 1343 auruS‚
1139 1270 1226 1328 vir
1268 1271 1555 1329 memoria
1595 1282 1795 1330 nostra
1835 1273 1898 1331 in
1933 1273 2250 1349 disciplina

341 1367 643 1425 Platonica
672 1368 1020 1440 celebratuS,
1051 1387 1187 1425 cum
1216 1368 1343 1427 aliis
1372 1369 1543 1427 bonis
1578 1370 1772 1428 multis
1802 1371 2248 1447 salubribusque

346 1465 630 1540 exemplis
674 1465 1014 1524 hortabatur
1046 1466 1123 1524 ad
1161 1466 1599 1541 philosophiam
1642 1468 2086 1542 capessendam,
2117 1481 2245 1528 tum

247 1590 298 1620 10
339 1563 431 1620 vel
477 1564 730 1621 maxime
779 1564 889 1622 ista
931 1583 992 1621 re
1036 1564 1311 1622 iuvenum
1357 1565 1585 1622 animos
1629 1566 2001 1642 expergebat‚
2048 1568 2245 1626 Eucli-

345 1660 484 1718 dem
524 1679 703 1736 quam
755 1661 994 1720 dicebat
1037 1663 1400 1721 Socraticum
1451 1662 1817 1721 factitavisse.
1905 1666 2206 1724 ‘Decreto
2233 1668 2247 1694 ’

342 1758 531 1833 inquit
576 1763 717 1817 ‘suo
766 1759 1156 1817 Athenienses
1201 1770 1495 1832 caverant,
1540 1770 1605 1818 ut
1651 1761 1752 1836 qui
1803 1762 2058 1837 Megaris
2101 1763 2248 1822 civis

343 1866 513 1928 esset,
545 1857 592 1914 si
620 1857 878 1915 intulisse
916 1857 1177 1915 Athenas
1207 1858 1425 1932 pedem
1467 1876 1715 1933 prensus
1760 1869 1929 1931 esset,
1960 1870 2022 1918 ut
2051 1878 2122 1918 ea
2151 1880 2249 1920 res

343 1955 397 2013 ei
451 1954 674 2012 homini
733 1956 997 2030 capitalis
1072 1966 1262 2029 esset3
1328 1966 1491 2014 tanto
1545 1957 1973 2029 Athenienses]
2035 1957 2246 2033 inquit,

245 2077 292 2125 ις
340 2051 516 2110 ‘odio
573 2052 892 2127 flagrabant
956 2053 1338 2112 finitimorum
1411 2054 1717 2112 hominum
1785 2057 2245 2130 Megarensium.

338 2151 492 2207 Tum
528 2150 824 2223 EuclideS‚
857 2151 957 2225 qui
1001 2152 1268 2210 indidem
1315 2153 1570 2227 Megaris
1601 2163 1725 2210 erat
1766 2153 1983 2228 quique
2015 2164 2149 2211 ante
2182 2155 2247 2214 id

341 2247 645 2305 decretum
676 2259 735 2306 et
766 2267 893 2306 esse
924 2250 1169 2307 Athenis
1199 2261 1258 2308 et
1288 2250 1487 2307 audire
1510 2252 1813 2308 Socratem
1837 2263 2246 2325 consueverat,

339 2356 654 2420 postquam
686 2346 746 2404 id
777 2346 1082 2404 decretum
1109 2357 1440 2420 sanxerunt,
1465 2349 1574 2406 sub
1595 2357 1854 2420 noctem,
1876 2368 2013 2407 cum
2035 2349 2245 2409 adves-

339 2453 689 2517 perasceret,
724 2446 921 2502 tunica
964 2446 1140 2520 longa
1182 2445 1453 2504 muliebri
1495 2446 1731 2503 indutus
1760 2456 1820 2504 et
1848 2446 2026 2521 pallio
2063 2448 2244 2506 versi-

238 2566 293 2596 20
335 2540 532 2599 colore
562 2543 810 2600 amictus
841 2554 900 2600 et
930 2554 1108 2618 caput
1142 2544 1262 2600 rica
1292 2544 1530 2615 velatus,
1561 2561 1594 2600 e
1624 2543 1807 2601 domo
1838 2562 1942 2602 sua
1984 2546 2247 2620 Megaris

428 2726 466 2758 1.
499 2714 727 2757 Armario
791 2715 1043 2759 muricibus
1098 2721 1237 2771 prae·
1401 2727 1467 2759 12.
1498 2716 1749 2772 Megaris:
1799 2716 2002 2772 Megara
2042 2716 2120 2774 lay
2159 2717 2247 2761 be-

321 2787 462 2844 fixo:
496 2791 552 2831 ‘a
571 2789 668 2832 box
690 2794 760 2832 set
783 2789 890 2832 with
914 2790 1018 2833 iron
1044 2790 1234 2846 spikeS.’
1337 2795 1488 2833 tween
1529 2789 1607 2833 the
1652 2789 1905 2835 territories
1956 2790 2011 2835 of
2052 2790 2245 2837 Athens

424 2876 465 2907 2.
497 2863 754 2906 Destitutos
772 2875 789 2908 .·
822 2865 832 2883 ‘
850 2863 1046 2919 placed.'
1338 2864 1436 2908 and
1467 2864 1682 2910 Corinth.

422 2951 465 2992 4.
496 2936 739 2982 Euclida:
773 2950 803 2980 a
823 2938 955 2994 pupil
986 2937 1040 2980 of
1064 2938 1235 2983 Socra·
1398 2940 1464 2983 16.
1495 2938 1708 2983 Indidem
1726 2952 1743 2985 .·
1797 2938 1944 2984 ‘from
1986 2939 2085 2984 that
2127 2954 2244 2999 very

335 3017 420 3065 tes,
442 3017 525 3055 not
546 3011 626 3054 the
648 3010 836 3055 famous
856 3018 1113 3068 geometer.
1339 3012 1506 3070 place.'

422 3100 465 3141 4.
499 3086 710 3130 Taurus:
745 3098 774 3128 a
805 3086 1029 3129 Platonist
1057 3085 1235 3142 philos·
1399 3090 1466 3134 18.
1497 3090 1591 3133 Sub
1613 3124 1625 3135 .
1648 3123 1659 3135 .
1684 3124 1694 3135 .
1711 3091 2140 3148 advesperasceret:
2164 3095 2174 3113 ¹
2191 3101 2244 3139 at

338 3158 502 3215 opher,
552 3165 919 3215 contemporary
967 3159 1078 3203 with
1133 3160 1233 3203 Ha·
1337 3162 1546 3218 nightfall
1596 3163 1733 3207 when
1789 3165 1822 3208 it
1871 3179 1969 3210 was
2021 3166 2244 3225 growing

339 3232 490 3276 drian.
1110 3283 1112 3286 ⁸
1338 3236 1491 3281 dusk.’

400 3316 466 3348 10.
497 3304 800 3360 Expergebat
819 3316 836 3349 :
938 3307 949 3325 ⁸
974 3306 1093 3349 used
1184 3313 1234 3350 to
1398 3322 1464 3364 19.
1509 3311 1820 3359 Versicolore:
1840 3315 1850 3333 ⁸
1867 3314 2243 3370 parti-colored:

338 3378 538 3421 arouse.'
1396 3395 1465 3427 20.
1496 3384 1618 3429 Rica
1633 3398 1650 3433 .·
1683 3388 1693 3406 ‘
1710 3399 1740 3431 a
1759 3387 1878 3434 veil.’
