2475 3617
409 162 496 238 46
737 158 920 241 Fifty
968 158 1218 250 Stqrz'es
1243 160 1429 239 from
1478 158 1697 220 Aulus
1749 155 2003 251 Gellius

410 365 571 414 tante
601 365 850 431 utroque
882 356 1159 427 exercitu,
1192 367 1252 413 et
1282 374 1386 413 sua
1411 355 1626 413 virtute
1654 355 1824 412 nixus
1855 364 1916 413 et
1944 373 2128 430 opera
2171 355 2329 413 alitis

411 463 830 528 propugnatuS,
863 451 1080 510 ducem
1124 452 1384 510 hostium
1428 453 1855 510 ferocissimum
1898 453 2039 510 vicit
2081 453 2324 511 interfe-

410 552 608 625 citque
639 560 817 625 atque
847 551 926 609 ob
956 551 1108 608 hanc
1138 569 1377 608 causam
1407 568 1743 626 cognomen
1772 549 1977 609 habuit
2006 550 2325 609 CorvinuS.

414 647 487 706 Id
519 648 738 705 factum
769 658 857 705 est
886 648 1052 706 annis
1092 647 1536 723 quadringentis
1579 648 1838 722 quinque
1883 657 2018 723 post
2059 650 2324 706 Romam

312 771 332 818 5
407 745 731 803 conditam.
1563 751 1566 755 “

493 843 755 901 Statuam
791 843 1052 901 Corvino
1094 843 1188 901 isti
1231 843 1400 902 divus
1441 845 1735 918 Augustus
1778 844 1839 901 in
1883 843 2012 901 foro
2055 862 2164 901 suo
2208 853 2324 901 sta-

411 939 694 999 tuendam
741 941 981 998 curavit.
1083 942 1154 998 In
1197 941 1322 999 eius
1364 950 1590 1000 statuae
1633 941 1830 1016 capite
1874 941 2036 998 corvi
2086 941 2326 999 simula-

411 1056 576 1095 crum
606 1048 712 1110 est,
742 1038 827 1096 rei
855 1056 1225 1113 pugnaeque,
1255 1057 1435 1114 quam
1466 1039 1740 1111 diximuS,
1771 1039 2229 1097 monimentum.

1020 1364 1144 1420 33.
1198 1366 1288 1430 (N.
1324 1368 1387 1416 A.
1425 1368 1518 1416 IX.
1554 1367 1697 1431 xm.)

315 1551 369 1584 10
407 1530 575 1579 Verba
605 1545 665 1578 ex
695 1530 901 1579 historia
923 1529 1099 1579 Claudi
1124 1530 1439 1592 Quadrigari,
1464 1530 1643 1594 quibus
1673 1529 1833 1578 Manli
1856 1530 2116 1593 Torquati,
2141 1531 2329 1579 nobilis

492 1612 839 1671 adulescentis,
875 1620 925 1660 et
960 1612 1115 1661 hostis
1149 1611 1280 1660 Galli
1316 1613 1634 1676 provocantis
1669 1627 1891 1676 pugnam
1926 1613 2169 1676 depinxit.

488 1764 657 1822 Titus
701 1764 955 1821 Manlius
1000 1782 1231 1821 summo
1274 1764 1408 1821 loco
1453 1773 1622 1820 natus
1672 1762 2060 1838 adprimeque
2108 1765 2328 1823 nobilis

415 1861 538 1918 fuit.
640 1861 715 1918 Ei
766 1861 993 1918 Manlio
1042 1870 1506 1935 cognomentum
1558 1860 1777 1918 factum
1828 1870 1917 1918 est
1964 1861 2327 1935 Torquatus.

414 1960 666 2017 Causam
718 1958 1100 2033 cognomenti
1150 1958 1324 2015 fuisse
1375 1957 1713 2032 accepimus
1768 1958 1991 2032 torquis
2049 1976 2124 2015 ex
2180 1978 2327 2018 auro

316 2082 364 2129 15
410 2056 695 2127 induvieS,
753 2074 931 2130 quam
988 2074 1061 2113 ex
1121 2056 1311 2127 hoste,
1368 2074 1545 2130 quem
1608 2054 1929 2126 occiderat,
1987 2055 2327 2114 detractam

413 2153 620 2212 induit.
705 2153 822 2212 Sed
865 2154 993 2228 quis
1036 2153 1218 2211 hostis
1264 2163 1323 2211 et
1360 2153 1504 2227 quid
1545 2171 1747 2228 genuS,
1779 2171 1958 2227 quam
1997 2154 2326 2213 formidan-

414 2252 526 2311 dae
556 2252 838 2310 vastitatis
874 2261 933 2309 et
966 2261 1251 2325 quantum
1287 2252 1540 2309 insolens
1575 2261 1928 2325 provocator
1962 2261 2021 2308 et
2057 2252 2327 2310 cuimodi

415 2351 586 2408 fuerit
636 2368 831 2424 pugna
880 2348 1268 2420 decertatum,
1323 2349 1398 2422 Q.
1450 2348 1731 2407 Claudius
1783 2348 1973 2423 primo
2022 2350 2324 2407 annalium

415 2448 720 2524 purissime
777 2458 952 2521 atque
1009 2447 1411 2504 inlustrissime
1469 2446 1839 2520 simplicique
1897 2456 1956 2503 et
2016 2447 2329 2522 incompta

501 2621 543 2665 6.
576 2620 733 2663 Divus
765 2620 1036 2676 Augustus:
1080 2617 1187 2662 'the
1223 2617 1315 2661 late
1416 2631 1527 2673 very
1548 2616 1898 2673 distinguished
1919 2617 2098 2675 family,
2120 2619 2220 2662 and
2251 2618 2328 2664 his

415 2707 636 2751 emperor
656 2693 934 2750 Augustus.'
1417 2692 1567 2736 father
1602 2691 1699 2736 had
1735 2692 1861 2735 been
1901 2691 2107 2737 dictator
2148 2693 2198 2738 in
2240 2696 2328 2752 363

501 2770 543 2814 6.
575 2768 988 2813 Statuendam
1024 2767 1312 2813 curavit:
1418 2775 1511 2812 B.C.

416 2844 620 2889 ‘caused
641 2849 690 2887 to
712 2842 774 2886 be
796 2842 1012 2887 erected.’
1480 2854 1546 2897 14.
1582 2842 1776 2898 Torquis
1815 2856 1877 2885 ex
1916 2855 2034 2886 auro
2070 2844 2291 2887 induvies
2310 2860 2328 2888 .-

476 2931 544 2963 10.
582 2917 753 2961 Claudi
815 2916 1112 2973 Quadrigari
1132 2932 1149 2959 .·
1233 2929 1316 2960 see
1418 2918 1428 2937 ⁴
1444 2929 1474 2959 a
1493 2915 1677 2960 twisted
1700 2916 1847 2960 collar
1869 2915 1922 2960 of
1939 2916 2056 2972 gold
2072 2917 2108 2969 ’ς
2145 2920 2328 2975 torque's

415 3000 527 3039 note
560 3006 624 3036 on
653 3005 701 3049 p.
736 2993 804 3047 18,
842 2991 869 3036 l.
905 2991 971 3036 16.
1418 2991 1457 3034 is
1488 2990 1760 3046 something
1789 2990 2025 3044 ‘twisted,'
2056 2993 2156 3036 and
2188 2993 2327 3037 indu-

477 3081 543 3113 10.
575 3066 737 3110 Manlz
789 3066 1011 3122 Torquati
1037 3080 1054 3109 .·
1116 3064 1317 3109 dictator
1417 3065 1515 3108 vies
1545 3065 1816 3121 something
1846 3071 1894 3109 to
1924 3065 1987 3109 be
2008 3067 2018 3086 ‘
2038 3072 2125 3123 put
2146 3067 2240 3121 on,’
2261 3080 2324 3110 an

415 3152 501 3198 353
532 3141 630 3184 and
662 3153 747 3196 349
775 3147 880 3194 B.C.,
909 3139 1074 3182 consul
1098 3151 1194 3194 347,
1217 3152 1316 3194 344,
1418 3140 1721 3184 ‘ornament.'

417 3227 505 3271 340
541 3222 634 3258 B.C.
697 3212 805 3257 The
842 3211 1019 3267 exploit
1059 3211 1172 3255 here
1213 3225 1319 3255 nar·
1480 3225 1547 3267 19.
1577 3213 1836 3256 Purissime
1898 3218 2039 3271 atque
2091 3215 2325 3259 inlustris-

418 3287 554 3332 rated
575 3299 670 3330 was
692 3285 739 3329 in
761 3286 844 3342 361
870 3293 961 3330 B.C.
1418 3287 1563 3332 sime:
1588 3285 1716 3330 ‘with
1736 3287 1814 3331 the
1829 3293 2035 3343 greatest
2052 3290 2211 3347 purity
2228 3290 2324 3334 and

482 3372 549 3404 12.
581 3360 770 3403 Summo
800 3358 928 3403 loco:
962 3358 1023 3401 he
1047 3370 1181 3402 came
1211 3358 1266 3402 of
1291 3371 1320 3402 a
1421 3360 1674 3415 elegance.'
